%% This BibTeX bibliography file was created using BibDesk.
%% http://bibdesk.sourceforge.net/

%% Created for 付伟杰 at 2019-04-23 10:18:57 +0800 


%% Saved with string encoding Unicode (UTF-8) 



@article{Sun:2018ozp,
	Archiveprefix = {arXiv},
	Author = {Sun, Ke-xin and Wen, Rui and Fu, Wei-jie},
	Date-Added = {2019-04-23 10:18:32 +0800},
	Date-Modified = {2019-04-23 10:18:32 +0800},
	Doi = {10.1103/PhysRevD.98.074028},
	Eprint = {1805.12025},
	Journal = {Phys. Rev.},
	Number = {7},
	Pages = {074028},
	Primaryclass = {hep-ph},
	Slaccitation = {%%CITATION = ARXIV:1805.12025;%%},
	Title = {{Baryon number probability distribution at finite temperature}},
	Volume = {D98},
	Year = {2018},
	Bdsk-Url-1 = {https://doi.org/10.1103/PhysRevD.98.074028}}

@article{Fu:2019b,
	Author = {Fu, Wei-jie and Pawlowski, Jan M. and Rennecke, Fabian},
	Date-Added = {2019-03-22 14:49:31 +0800},
	Date-Modified = {2019-03-22 17:42:33 +0800},
	Journal = {in preparation},
	Year = {2019}}

@article{Karsch:2011gg,
	Archiveprefix = {arXiv},
	Author = {Karsch, Frithjof and Redlich, Krzysztof},
	Date-Added = {2019-03-21 22:12:32 +0800},
	Date-Modified = {2019-03-21 22:12:32 +0800},
	Doi = {10.1103/PhysRevD.84.051504},
	Eprint = {1107.1412},
	Journal = {Phys. Rev.},
	Pages = {051504},
	Primaryclass = {hep-ph},
	Slaccitation = {%%CITATION = ARXIV:1107.1412;%%},
	Title = {{Has Tc been measured by heavy ion experiments?}},
	Volume = {D84},
	Year = {2011},
	Bdsk-Url-1 = {https://doi.org/10.1103/PhysRevD.84.051504}}

@article{Fu:2010ay,
	Archiveprefix = {arXiv},
	Author = {Fu, Wei-jie and Wu, Yue-liang},
	Date-Added = {2018-09-11 14:18:22 +0800},
	Date-Modified = {2018-09-11 14:18:22 +0800},
	Doi = {10.1103/PhysRevD.82.074013},
	Eprint = {1008.3684},
	Journal = {Phys. Rev.},
	Pages = {074013},
	Primaryclass = {hep-ph},
	Slaccitation = {%%CITATION = ARXIV:1008.3684;%%},
	Title = {{Fluctuations and Correlations of Conserved Charges near the QCD Critical Point}},
	Volume = {D82},
	Year = {2010},
	Bdsk-Url-1 = {https://doi.org/10.1103/PhysRevD.82.074013}}

@article{Fu:2018swz,
	Archiveprefix = {arXiv},
	Author = {Fu, Wei-jie and Pawlowski, Jan M. and Rennecke, Fabian},
	Date-Added = {2018-09-11 14:08:14 +0800},
	Date-Modified = {2018-09-11 14:08:14 +0800},
	Eprint = {1809.01594},
	Primaryclass = {hep-ph},
	Slaccitation = {%%CITATION = ARXIV:1809.01594;%%},
	Title = {{Strangeness neutrality and baryon-strangeness correlations}},
	Year = {2018}}

@article{Nakano:2009ps,
	Archiveprefix = {arXiv},
	Author = {Nakano, E. and Schaefer, B. -J. and Stokic, B. and Friman, B. and Redlich, K.},
	Date-Added = {2018-09-11 13:46:47 +0800},
	Date-Modified = {2018-09-11 13:46:47 +0800},
	Doi = {10.1016/j.physletb.2009.11.027},
	Eprint = {0907.1344},
	Journal = {Phys. Lett.},
	Pages = {401-407},
	Primaryclass = {hep-ph},
	Slaccitation = {%%CITATION = ARXIV:0907.1344;%%},
	Title = {{Fluctuations and isentropes near the chiral critical endpoint}},
	Volume = {B682},
	Year = {2010},
	Bdsk-Url-1 = {https://doi.org/10.1016/j.physletb.2009.11.027}}

@article{Schaefer:2006ds,
	Archiveprefix = {arXiv},
	Author = {Schaefer, Bernd-Jochen and Wambach, Jochen},
	Date-Added = {2018-09-11 13:45:00 +0800},
	Date-Modified = {2018-09-11 13:45:00 +0800},
	Doi = {10.1103/PhysRevD.75.085015},
	Eprint = {hep-ph/0603256},
	Journal = {Phys. Rev.},
	Pages = {085015},
	Primaryclass = {hep-ph},
	Slaccitation = {%%CITATION = HEP-PH/0603256;%%},
	Title = {{Susceptibilities near the QCD (tri)critical point}},
	Volume = {D75},
	Year = {2007},
	Bdsk-Url-1 = {https://doi.org/10.1103/PhysRevD.75.085015}}

@article{Schaefer:2004en,
	Archiveprefix = {arXiv},
	Author = {Schaefer, Bernd-Jochen and Wambach, Jochen},
	Date-Added = {2018-09-11 10:55:17 +0800},
	Date-Modified = {2018-09-11 10:55:17 +0800},
	Doi = {10.1016/j.nuclphysa.2005.04.012},
	Eprint = {nucl-th/0403039},
	Journal = {Nucl. Phys.},
	Pages = {479-492},
	Primaryclass = {nucl-th},
	Slaccitation = {%%CITATION = NUCL-TH/0403039;%%},
	Title = {{The Phase diagram of the quark meson model}},
	Volume = {A757},
	Year = {2005},
	Bdsk-Url-1 = {https://doi.org/10.1016/j.nuclphysa.2005.04.012}}

@article{Skokov:2011yb,
	Archiveprefix = {arXiv},
	Author = {Skokov, Vladimir and Friman, Bengt and Karsch, Frithjof and Redlich, Krzysztof},
	Booktitle = {{Quark matter. Proceedings, 22nd International Conference on Ultra-Relativistic Nucleus-Nucleus Collisions, Quark Matter 2011, Annecy, France, May 23-28, 2011}},
	Date-Added = {2018-09-11 10:45:24 +0800},
	Date-Modified = {2018-09-11 10:45:24 +0800},
	Doi = {10.1088/0954-3899/38/12/124102},
	Eprint = {1108.1300},
	Journal = {J. Phys.},
	Pages = {124102},
	Primaryclass = {hep-ph},
	Slaccitation = {%%CITATION = ARXIV:1108.1300;%%},
	Title = {{Charge fluctuations in chiral models and the QCD phase transition}},
	Volume = {G38},
	Year = {2011},
	Bdsk-Url-1 = {https://doi.org/10.1088/0954-3899/38/12/124102}}

@article{Skokov:2010sf,
	Archiveprefix = {arXiv},
	Author = {Skokov, V. and Friman, B. and Nakano, E. and Redlich, K. and Schaefer, B. -J.},
	Date-Added = {2018-09-11 10:34:33 +0800},
	Date-Modified = {2018-09-11 10:34:33 +0800},
	Doi = {10.1103/PhysRevD.82.034029},
	Eprint = {1005.3166},
	Journal = {Phys. Rev.},
	Pages = {034029},
	Primaryclass = {hep-ph},
	Reportnumber = {CERN-PH-TH-2010-106},
	Slaccitation = {%%CITATION = ARXIV:1005.3166;%%},
	Title = {{Vacuum fluctuations and the thermodynamics of chiral models}},
	Volume = {D82},
	Year = {2010},
	Bdsk-Url-1 = {https://doi.org/10.1103/PhysRevD.82.034029}}

@article{Li:2017ple,
	Archiveprefix = {arXiv},
	Author = {Li, Zhibin and Chen, Yidian and Li, Danning and Huang, Mei},
	Date-Added = {2018-09-04 08:55:12 +0800},
	Date-Modified = {2018-09-04 08:55:12 +0800},
	Doi = {10.1088/1674-1137/42/1/013103},
	Eprint = {1706.02238},
	Journal = {Chin. Phys.},
	Number = {1},
	Pages = {013103},
	Primaryclass = {hep-ph},
	Slaccitation = {%%CITATION = ARXIV:1706.02238;%%},
	Title = {{Locating the QCD critical end point through the peaked baryon number susceptibilities along the freeze-out line}},
	Volume = {C42},
	Year = {2018},
	Bdsk-Url-1 = {https://doi.org/10.1088/1674-1137/42/1/013103}}

@article{Li:2018ygx,
	Archiveprefix = {arXiv},
	Author = {Li, Zhibin and Wang, Xinyang and Huang, Mei},
	Date-Added = {2018-09-04 08:52:48 +0800},
	Date-Modified = {2018-09-04 08:52:48 +0800},
	Eprint = {1801.09215},
	Primaryclass = {hep-ph},
	Slaccitation = {%%CITATION = ARXIV:1801.09215;%%},
	Title = {{The kurtosis of net baryon number fluctuations from a realistic Polyakov--Nambu--Jona-Lasinio model along the experimental freeze-out line}},
	Year = {2018}}

@article{Zhang:2017icm,
	Archiveprefix = {arXiv},
	Author = {Zhang, Hui and Hou, Defu and Kojo, Toru and Qin, Bin},
	Date-Added = {2018-09-03 23:21:06 +0800},
	Date-Modified = {2018-09-03 23:21:06 +0800},
	Doi = {10.1103/PhysRevD.96.114029},
	Eprint = {1709.05654},
	Journal = {Phys. Rev.},
	Number = {11},
	Pages = {114029},
	Primaryclass = {hep-ph},
	Slaccitation = {%%CITATION = ARXIV:1709.05654;%%},
	Title = {{Functional renormalization group study of the quark-meson model with $\omega$ meson}},
	Volume = {D96},
	Year = {2017},
	Bdsk-Url-1 = {https://doi.org/10.1103/PhysRevD.96.114029}}

@article{Schaefer:2009ui,
	Archiveprefix = {arXiv},
	Author = {Schaefer, Bernd-Jochen and Wagner, Mathias and Wambach, Jochen},
	Date-Added = {2018-08-31 16:48:54 +0800},
	Date-Modified = {2018-08-31 16:48:54 +0800},
	Doi = {10.1103/PhysRevD.81.074013},
	Eprint = {0910.5628},
	Journal = {Phys. Rev.},
	Pages = {074013},
	Primaryclass = {hep-ph},
	Slaccitation = {%%CITATION = ARXIV:0910.5628;%%},
	Title = {{Thermodynamics of (2+1)-flavor QCD: Confronting Models with Lattice Studies}},
	Volume = {D81},
	Year = {2010},
	Bdsk-Url-1 = {https://doi.org/10.1103/PhysRevD.81.074013}}

@article{Schaefer:2011ex,
	Archiveprefix = {arXiv},
	Author = {Schaefer, B. J. and Wagner, M.},
	Date-Added = {2018-08-31 16:44:08 +0800},
	Date-Modified = {2018-08-31 16:44:08 +0800},
	Doi = {10.1103/PhysRevD.85.034027},
	Eprint = {1111.6871},
	Journal = {Phys. Rev.},
	Pages = {034027},
	Primaryclass = {hep-ph},
	Reportnumber = {BI-TP-2011-45},
	Slaccitation = {%%CITATION = ARXIV:1111.6871;%%},
	Title = {{QCD critical region and higher moments for three flavor models}},
	Volume = {D85},
	Year = {2012},
	Bdsk-Url-1 = {https://doi.org/10.1103/PhysRevD.85.034027}}

@article{Christiansen:2014ypa,
	Archiveprefix = {arXiv},
	Author = {Christiansen, Nicolai and Haas, Michael and Pawlowski, Jan M. and Strodthoff, Nils},
	Date-Added = {2018-08-31 14:58:49 +0800},
	Date-Modified = {2018-08-31 14:58:49 +0800},
	Doi = {10.1103/PhysRevLett.115.112002},
	Eprint = {1411.7986},
	Journal = {Phys. Rev. Lett.},
	Number = {11},
	Pages = {112002},
	Primaryclass = {hep-ph},
	Slaccitation = {%%CITATION = ARXIV:1411.7986;%%},
	Title = {{Transport Coefficients in Yang--Mills Theory and QCD}},
	Volume = {115},
	Year = {2015},
	Bdsk-Url-1 = {https://doi.org/10.1103/PhysRevLett.115.112002}}

@article{Fischer:2013eca,
	Archiveprefix = {arXiv},
	Author = {Fischer, Christian S. and Fister, Leonard and Luecker, Jan and Pawlowski, Jan M.},
	Date-Added = {2018-08-31 14:53:23 +0800},
	Date-Modified = {2018-08-31 14:53:23 +0800},
	Doi = {10.1016/j.physletb.2014.03.057},
	Eprint = {1306.6022},
	Journal = {Phys. Lett.},
	Pages = {273-277},
	Primaryclass = {hep-ph},
	Slaccitation = {%%CITATION = ARXIV:1306.6022;%%},
	Title = {{Polyakov loop potential at finite density}},
	Volume = {B732},
	Year = {2014},
	Bdsk-Url-1 = {https://doi.org/10.1016/j.physletb.2014.03.057}}

@article{Bazavov:2012vg,
	Archiveprefix = {arXiv},
	Author = {Bazavov, A. and others},
	Date-Added = {2018-08-31 09:35:56 +0800},
	Date-Modified = {2018-08-31 09:35:56 +0800},
	Doi = {10.1103/PhysRevLett.109.192302},
	Eprint = {1208.1220},
	Journal = {Phys. Rev. Lett.},
	Pages = {192302},
	Primaryclass = {hep-lat},
	Slaccitation = {%%CITATION = ARXIV:1208.1220;%%},
	Title = {{Freeze-out Conditions in Heavy Ion Collisions from QCD Thermodynamics}},
	Volume = {109},
	Year = {2012},
	Bdsk-Url-1 = {https://doi.org/10.1103/PhysRevLett.109.192302}}

@article{Adamczyk:2014fia,
	Archiveprefix = {arXiv},
	Author = {Adamczyk, L. and others},
	Collaboration = {STAR},
	Date-Added = {2018-08-30 20:11:54 +0800},
	Date-Modified = {2018-08-30 20:11:54 +0800},
	Doi = {10.1103/PhysRevLett.113.092301},
	Eprint = {1402.1558},
	Journal = {Phys. Rev. Lett.},
	Pages = {092301},
	Primaryclass = {nucl-ex},
	Slaccitation = {%%CITATION = ARXIV:1402.1558;%%},
	Title = {{Beam energy dependence of moments of the net-charge multiplicity distributions in Au+Au collisions at RHIC}},
	Volume = {113},
	Year = {2014},
	Bdsk-Url-1 = {https://doi.org/10.1103/PhysRevLett.113.092301}}

@article{Adamczyk:2017iwn,
	Archiveprefix = {arXiv},
	Author = {Adamczyk, L. and others},
	Collaboration = {STAR},
	Date-Added = {2018-08-30 17:25:48 +0800},
	Date-Modified = {2018-08-30 17:25:48 +0800},
	Doi = {10.1103/PhysRevC.96.044904},
	Eprint = {1701.07065},
	Journal = {Phys. Rev.},
	Number = {4},
	Pages = {044904},
	Primaryclass = {nucl-ex},
	Slaccitation = {%%CITATION = ARXIV:1701.07065;%%},
	Title = {{Bulk Properties of the Medium Produced in Relativistic Heavy-Ion Collisions from the Beam Energy Scan Program}},
	Volume = {C96},
	Year = {2017},
	Bdsk-Url-1 = {https://doi.org/10.1103/PhysRevC.96.044904}}

@article{Fu:2009wy,
	Archiveprefix = {arXiv},
	Author = {Fu, Wei-jie and Liu, Yu-xin and Wu, Yue-Liang},
	Date-Added = {2018-08-29 10:09:04 +0800},
	Date-Modified = {2018-08-29 10:09:04 +0800},
	Doi = {10.1103/PhysRevD.81.014028},
	Eprint = {0910.5783},
	Journal = {Phys. Rev.},
	Pages = {014028},
	Primaryclass = {hep-ph},
	Slaccitation = {%%CITATION = ARXIV:0910.5783;%%},
	Title = {{Fluctuations and Correlations of Conserved Charges in QCD at Finite Temperature with Effective Models}},
	Volume = {D81},
	Year = {2010},
	Bdsk-Url-1 = {https://doi.org/10.1103/PhysRevD.81.014028}}

@article{Borsanyi:2013bia,
	Archiveprefix = {arXiv},
	Author = {Borsanyi, Szabocls and Fodor, Zoltan and Hoelbling, Christian and Katz, Sandor D. and Krieg, Stefan and Szabo, Kalman K.},
	Date-Added = {2018-08-26 11:02:58 +0800},
	Date-Modified = {2018-08-26 11:02:58 +0800},
	Doi = {10.1016/j.physletb.2014.01.007},
	Eprint = {1309.5258},
	Journal = {Phys. Lett.},
	Pages = {99-104},
	Primaryclass = {hep-lat},
	Slaccitation = {%%CITATION = ARXIV:1309.5258;%%},
	Title = {{Full result for the QCD equation of state with 2+1 flavors}},
	Volume = {B730},
	Year = {2014},
	Bdsk-Url-1 = {https://doi.org/10.1016/j.physletb.2014.01.007}}

@article{Borsanyi:2010bp,
	Archiveprefix = {arXiv},
	Author = {Borsanyi, Szabolcs and Fodor, Zoltan and Hoelbling, Christian and Katz, Sandor D and Krieg, Stefan and Ratti, Claudia and Szabo, Kalman K.},
	Collaboration = {Wuppertal-Budapest},
	Date-Added = {2018-08-26 11:02:12 +0800},
	Date-Modified = {2018-08-26 11:02:12 +0800},
	Doi = {10.1007/JHEP09(2010)073},
	Eprint = {1005.3508},
	Journal = {JHEP},
	Pages = {073},
	Primaryclass = {hep-lat},
	Reportnumber = {WUB-10-11, MIT-CTP-4152},
	Slaccitation = {%%CITATION = ARXIV:1005.3508;%%},
	Title = {{Is there still any T_c mystery in lattice QCD? Results with physical masses in the continuum limit III}},
	Volume = {09},
	Year = {2010},
	Bdsk-Url-1 = {https://doi.org/10.1007/JHEP09(2010)073}}

@article{Bazavov:2014pvz,
	Archiveprefix = {arXiv},
	Author = {Bazavov, A. and others},
	Collaboration = {HotQCD},
	Date-Added = {2018-08-26 11:00:51 +0800},
	Date-Modified = {2018-08-26 11:00:51 +0800},
	Doi = {10.1103/PhysRevD.90.094503},
	Eprint = {1407.6387},
	Journal = {Phys. Rev.},
	Pages = {094503},
	Primaryclass = {hep-lat},
	Reportnumber = {BNL-105928-2014-JA},
	Slaccitation = {%%CITATION = ARXIV:1407.6387;%%},
	Title = {{Equation of state in ( 2+1 )-flavor QCD}},
	Volume = {D90},
	Year = {2014},
	Bdsk-Url-1 = {https://doi.org/10.1103/PhysRevD.90.094503}}

@article{Braun:2018svj,
	Archiveprefix = {arXiv},
	Author = {Braun, Jens and Leonhardt, Marc and Pawlowski, Jan M.},
	Date-Added = {2018-08-23 10:33:21 +0800},
	Date-Modified = {2018-08-23 10:33:21 +0800},
	Eprint = {1806.04432},
	Primaryclass = {hep-ph},
	Slaccitation = {%%CITATION = ARXIV:1806.04432;%%},
	Title = {{Renormalization group consistency and low-energy effective theories}},
	Year = {2018}}

@article{Herbst:2015ona,
	Archiveprefix = {arXiv},
	Author = {Herbst, Tina K. and Luecker, Jan and Pawlowski, Jan M.},
	Date-Added = {2018-08-18 10:32:46 +0800},
	Date-Modified = {2018-08-18 10:32:46 +0800},
	Eprint = {1510.03830},
	Primaryclass = {hep-ph},
	Slaccitation = {%%CITATION = ARXIV:1510.03830;%%},
	Title = {{Confinement order parameters and fluctuations}},
	Year = {2015}}

@article{Litim:2001up,
	Archiveprefix = {arXiv},
	Author = {Litim, Daniel F.},
	Date-Added = {2018-08-06 10:19:56 +0800},
	Date-Modified = {2018-08-06 10:19:56 +0800},
	Doi = {10.1103/PhysRevD.64.105007},
	Eprint = {hep-th/0103195},
	Journal = {Phys. Rev.},
	Pages = {105007},
	Primaryclass = {hep-th},
	Reportnumber = {CERN-TH-2001-084},
	Slaccitation = {%%CITATION = HEP-TH/0103195;%%},
	Title = {{Optimized renormalization group flows}},
	Volume = {D64},
	Year = {2001},
	Bdsk-Url-1 = {https://doi.org/10.1103/PhysRevD.64.105007}}

@article{Litim:2000ci,
	Archiveprefix = {arXiv},
	Author = {Litim, Daniel F.},
	Date-Added = {2018-08-06 10:18:24 +0800},
	Date-Modified = {2018-08-06 10:18:24 +0800},
	Doi = {10.1016/S0370-2693(00)00748-6},
	Eprint = {hep-th/0005245},
	Journal = {Phys. Lett.},
	Pages = {92-99},
	Primaryclass = {hep-th},
	Reportnumber = {HD-THEP-00-28},
	Slaccitation = {%%CITATION = HEP-TH/0005245;%%},
	Title = {{Optimization of the exact renormalization group}},
	Volume = {B486},
	Year = {2000},
	Bdsk-Url-1 = {https://doi.org/10.1016/S0370-2693(00)00748-6}}

@article{Lenaghan:2000ey,
	Archiveprefix = {arXiv},
	Author = {Lenaghan, Jonathan T. and Rischke, Dirk H. and Schaffner-Bielich, Jurgen},
	Date-Added = {2018-08-03 16:41:02 +0800},
	Date-Modified = {2018-08-03 16:41:02 +0800},
	Doi = {10.1103/PhysRevD.62.085008},
	Eprint = {nucl-th/0004006},
	Journal = {Phys. Rev.},
	Pages = {085008},
	Primaryclass = {nucl-th},
	Slaccitation = {%%CITATION = NUCL-TH/0004006;%%},
	Title = {{Chiral symmetry restoration at nonzero temperature in the SU(3)(r) x SU(3)(l) linear sigma model}},
	Volume = {D62},
	Year = {2000},
	Bdsk-Url-1 = {https://doi.org/10.1103/PhysRevD.62.085008}}

@article{Fu:2018qsk,
	Archiveprefix = {arXiv},
	Author = {Fu, Wei-jie and Pawlowski, Jan M. and Rennecke, Fabian},
	Date-Added = {2018-08-03 16:28:04 +0800},
	Date-Modified = {2018-08-03 16:28:04 +0800},
	Eprint = {1808.00410},
	Primaryclass = {hep-ph},
	Slaccitation = {%%CITATION = ARXIV:1808.00410;%%},
	Title = {{Strangeness Neutrality and QCD Thermodynamics}},
	Year = {2018}}

@article{Mitter:2013fxa,
	Archiveprefix = {arXiv},
	Author = {Mitter, Mario and Schaefer, Bernd-Jochen},
	Date-Added = {2018-07-31 10:54:59 +0800},
	Date-Modified = {2018-07-31 10:54:59 +0800},
	Doi = {10.1103/PhysRevD.89.054027},
	Eprint = {1308.3176},
	Journal = {Phys. Rev.},
	Number = {5},
	Pages = {054027},
	Primaryclass = {hep-ph},
	Slaccitation = {%%CITATION = ARXIV:1308.3176;%%},
	Title = {{Fluctuations and the axial anomaly with three quark flavors}},
	Volume = {D89},
	Year = {2014},
	Bdsk-Url-1 = {https://doi.org/10.1103/PhysRevD.89.054027}}

@article{Patrignani:2016xqp,
	Author = {Patrignani, C. and others},
	Collaboration = {Particle Data Group},
	Date-Added = {2018-07-15 15:54:23 +0000},
	Date-Modified = {2018-07-15 15:54:23 +0000},
	Doi = {10.1088/1674-1137/40/10/100001},
	Journal = {Chin. Phys.},
	Number = {10},
	Pages = {100001},
	Slaccitation = {%%CITATION = CHPHD,C40,100001;%%},
	Title = {{Review of Particle Physics}},
	Volume = {C40},
	Year = {2016},
	Bdsk-Url-1 = {https://doi.org/10.1088/1674-1137/40/10/100001}}

@article{Yin:2018a,
	Author = {Yin, Shi and Fu, Wei-jie},
	Date-Added = {2018-07-08 07:44:01 +0000},
	Date-Modified = {2018-07-08 07:45:55 +0000},
	Journal = {in preparation}}

@article{Braun:2017srn,
	Archiveprefix = {arXiv},
	Author = {Braun, Jens and Leonhardt, Marc and Pospiech, Martin},
	Date-Added = {2018-06-28 13:02:51 +0000},
	Date-Modified = {2018-06-28 13:02:51 +0000},
	Doi = {10.1103/PhysRevD.96.076003},
	Eprint = {1705.00074},
	Journal = {Phys. Rev.},
	Number = {7},
	Pages = {076003},
	Primaryclass = {hep-ph},
	Slaccitation = {%%CITATION = ARXIV:1705.00074;%%},
	Title = {{Fierz-complete NJL model study: Fixed points and phase structure at finite temperature and density}},
	Volume = {D96},
	Year = {2017},
	Bdsk-Url-1 = {https://doi.org/10.1103/PhysRevD.96.076003}}

@article{Cyrol:2018xeq,
	Archiveprefix = {arXiv},
	Author = {Cyrol, Anton K. and Pawlowski, Jan M. and Rothkopf, Alexander and Wink, Nicolas},
	Date-Added = {2018-05-30 05:38:23 +0000},
	Date-Modified = {2018-05-30 05:38:23 +0000},
	Eprint = {1804.00945},
	Primaryclass = {hep-ph},
	Slaccitation = {%%CITATION = ARXIV:1804.00945;%%},
	Title = {{Reconstructing the gluon}},
	Year = {2018}}

@article{Cyrol:2017qkl,
	Archiveprefix = {arXiv},
	Author = {Cyrol, Anton K. and Mitter, Mario and Pawlowski, Jan M. and Strodthoff, Nils},
	Date-Added = {2018-05-30 05:35:33 +0000},
	Date-Modified = {2018-05-30 05:35:33 +0000},
	Doi = {10.1103/PhysRevD.97.054015},
	Eprint = {1708.03482},
	Journal = {Phys. Rev.},
	Number = {5},
	Pages = {054015},
	Primaryclass = {hep-ph},
	Slaccitation = {%%CITATION = ARXIV:1708.03482;%%},
	Title = {{Nonperturbative finite-temperature Yang-Mills theory}},
	Volume = {D97},
	Year = {2018},
	Bdsk-Url-1 = {https://doi.org/10.1103/PhysRevD.97.054015}}

@article{Cyrol:2017ewj,
	Archiveprefix = {arXiv},
	Author = {Cyrol, Anton K. and Mitter, Mario and Pawlowski, Jan M. and Strodthoff, Nils},
	Date-Added = {2018-05-30 05:35:01 +0000},
	Date-Modified = {2018-05-30 05:35:01 +0000},
	Doi = {10.1103/PhysRevD.97.054006},
	Eprint = {1706.06326},
	Journal = {Phys. Rev.},
	Number = {5},
	Pages = {054006},
	Primaryclass = {hep-ph},
	Slaccitation = {%%CITATION = ARXIV:1706.06326;%%},
	Title = {{Nonperturbative quark, gluon, and meson correlators of unquenched QCD}},
	Volume = {D97},
	Year = {2018},
	Bdsk-Url-1 = {https://doi.org/10.1103/PhysRevD.97.054006}}

@article{Rennecke:2016tkm,
	Archiveprefix = {arXiv},
	Author = {Rennecke, Fabian and Schaefer, Bernd-Jochen},
	Date-Added = {2018-05-30 05:33:59 +0000},
	Date-Modified = {2018-05-30 05:33:59 +0000},
	Doi = {10.1103/PhysRevD.96.016009},
	Eprint = {1610.08748},
	Journal = {Phys. Rev.},
	Number = {1},
	Pages = {016009},
	Primaryclass = {hep-ph},
	Slaccitation = {%%CITATION = ARXIV:1610.08748;%%},
	Title = {{Fluctuation-induced modifications of the phase structure in (2+1)-flavor QCD}},
	Volume = {D96},
	Year = {2017},
	Bdsk-Url-1 = {https://doi.org/10.1103/PhysRevD.96.016009}}

@article{vonSmekal:2012vx,
	Archiveprefix = {arXiv},
	Author = {von Smekal, L.},
	Booktitle = {{Physics at all scales: The Renormalization Group. Proceedings, 49. Internationale Universittswochen fr Theoretische Physik, Winter School: Schladming, Austria, February 26-March 5, 2011}},
	Date-Added = {2018-05-30 05:25:53 +0000},
	Date-Modified = {2018-05-30 05:25:53 +0000},
	Doi = {10.1016/j.nuclphysbps.2012.06.006},
	Eprint = {1205.4205},
	Journal = {Nucl. Phys. Proc. Suppl.},
	Pages = {179-220},
	Primaryclass = {hep-ph},
	Slaccitation = {%%CITATION = ARXIV:1205.4205;%%},
	Title = {{Universal Aspects of QCD-like Theories}},
	Volume = {228},
	Year = {2012},
	Bdsk-Url-1 = {https://doi.org/10.1016/j.nuclphysbps.2012.06.006}}

@article{Schaefer:2006sr,
	Archiveprefix = {arXiv},
	Author = {Schaefer, Bernd-Jochen and Wambach, Jochen},
	Booktitle = {{Helmholtz International Summer School on Dense Matter in Heavy Ion Collisions and Astrophysics Dubna, Russia, August 21-September 1, 2006}},
	Date-Added = {2018-05-30 05:24:03 +0000},
	Date-Modified = {2018-05-30 05:24:03 +0000},
	Doi = {10.1134/S1063779608070083},
	Eprint = {hep-ph/0611191},
	Journal = {Phys. Part. Nucl.},
	Pages = {1025-1032},
	Primaryclass = {hep-ph},
	Slaccitation = {%%CITATION = HEP-PH/0611191;%%},
	Title = {{Renormalization group approach towards the QCD phase diagram}},
	Volume = {39},
	Year = {2008},
	Bdsk-Url-1 = {https://doi.org/10.1134/S1063779608070083}}

@article{Gies:2006wv,
	Archiveprefix = {arXiv},
	Author = {Gies, Holger},
	Booktitle = {{Renormalization group and effective field theory approaches to many-body systems}},
	Date-Added = {2018-05-30 05:23:31 +0000},
	Date-Modified = {2018-05-30 05:23:31 +0000},
	Doi = {10.1007/978-3-642-27320-9_6},
	Eprint = {hep-ph/0611146},
	Journal = {Lect. Notes Phys.},
	Pages = {287-348},
	Primaryclass = {hep-ph},
	Slaccitation = {%%CITATION = HEP-PH/0611146;%%},
	Title = {{Introduction to the functional RG and applications to gauge theories}},
	Volume = {852},
	Year = {2012},
	Bdsk-Url-1 = {https://doi.org/10.1007/978-3-642-27320-9_6}}

@article{Berges:2000ew,
	Archiveprefix = {arXiv},
	Author = {Berges, Juergen and Tetradis, Nikolaos and Wetterich, Christof},
	Date-Added = {2018-05-30 05:21:58 +0000},
	Date-Modified = {2018-05-30 05:21:58 +0000},
	Doi = {10.1016/S0370-1573(01)00098-9},
	Eprint = {hep-ph/0005122},
	Journal = {Phys. Rept.},
	Pages = {223-386},
	Primaryclass = {hep-ph},
	Reportnumber = {MIT-CTP-2980, HD-THEP-00-26},
	Slaccitation = {%%CITATION = HEP-PH/0005122;%%},
	Title = {{Nonperturbative renormalization flow in quantum field theory and statistical physics}},
	Volume = {363},
	Year = {2002},
	Bdsk-Url-1 = {https://doi.org/10.1016/S0370-1573(01)00098-9}}

@inproceedings{Litim:1998nf,
	Archiveprefix = {arXiv},
	Author = {Litim, Daniel F. and Pawlowski, Jan M.},
	Booktitle = {{The exact renormalization group. Proceedings, Workshop, Faro, Portugal, September 10-12, 1998}},
	Date-Added = {2018-05-30 05:21:22 +0000},
	Date-Modified = {2018-05-30 05:21:22 +0000},
	Eprint = {hep-th/9901063},
	Pages = {168-185},
	Primaryclass = {hep-th},
	Reportnumber = {DIAS-STP-99-01, ECM-UB-PF-99-02},
	Slaccitation = {%%CITATION = HEP-TH/9901063;%%},
	Title = {{On gauge invariant Wilsonian flows}},
	Url = {https://inspirehep.net/record/482330/files/arXiv:hep-th_9901063.pdf},
	Year = {1998},
	Bdsk-Url-1 = {https://inspirehep.net/record/482330/files/arXiv:hep-th_9901063.pdf}}

@article{Almasi:2017bhq,
	Archiveprefix = {arXiv},
	Author = {Almasi, Gabor Andras and Friman, Bengt and Redlich, Krzysztof},
	Date-Added = {2018-05-29 15:53:02 +0000},
	Date-Modified = {2018-05-29 15:53:02 +0000},
	Doi = {10.1103/PhysRevD.96.014027},
	Eprint = {1703.05947},
	Journal = {Phys. Rev.},
	Number = {1},
	Pages = {014027},
	Primaryclass = {hep-ph},
	Slaccitation = {%%CITATION = ARXIV:1703.05947;%%},
	Title = {{Baryon number fluctuations in chiral effective models and their phenomenological implications}},
	Volume = {D96},
	Year = {2017},
	Bdsk-Url-1 = {https://doi.org/10.1103/PhysRevD.96.014027}}

@article{Morita:2012kt,
	Archiveprefix = {arXiv},
	Author = {Morita, Kenji and Skokov, Vladimir and Friman, Bengt and Redlich, Krzysztof},
	Date-Added = {2018-05-29 15:46:08 +0000},
	Date-Modified = {2018-05-29 15:46:08 +0000},
	Doi = {10.1140/epjc/s10052-013-2706-1},
	Eprint = {1211.4703},
	Journal = {Eur. Phys. J.},
	Pages = {2706},
	Primaryclass = {hep-ph},
	Reportnumber = {YITP-12-91},
	Slaccitation = {%%CITATION = ARXIV:1211.4703;%%},
	Title = {{Net baryon number probability distribution near the chiral phase transition}},
	Volume = {C74},
	Year = {2014},
	Bdsk-Url-1 = {https://doi.org/10.1140/epjc/s10052-013-2706-1}}

@article{Skokov:2010wb,
	Archiveprefix = {arXiv},
	Author = {Skokov, V. and Stokic, B. and Friman, B. and Redlich, K.},
	Date-Added = {2018-05-29 15:38:05 +0000},
	Date-Modified = {2018-05-29 15:38:05 +0000},
	Doi = {10.1103/PhysRevC.82.015206},
	Eprint = {1004.2665},
	Journal = {Phys. Rev.},
	Pages = {015206},
	Primaryclass = {hep-ph},
	Reportnumber = {CERN-PH-TH-2010-081},
	Slaccitation = {%%CITATION = ARXIV:1004.2665;%%},
	Title = {{Meson fluctuations and thermodynamics of the Polyakov loop extended quark-meson model}},
	Volume = {C82},
	Year = {2010},
	Bdsk-Url-1 = {https://doi.org/10.1103/PhysRevC.82.015206}}

@article{Skokov:2010uh,
	Archiveprefix = {arXiv},
	Author = {Skokov, V. and Friman, B. and Redlich, K.},
	Date-Added = {2018-05-29 15:36:10 +0000},
	Date-Modified = {2018-05-29 15:36:10 +0000},
	Doi = {10.1103/PhysRevC.83.054904},
	Eprint = {1008.4570},
	Journal = {Phys. Rev.},
	Pages = {054904},
	Primaryclass = {hep-ph},
	Reportnumber = {CERN-PH-TH-2010-191},
	Slaccitation = {%%CITATION = ARXIV:1008.4570;%%},
	Title = {{Quark number fluctuations in the Polyakov loop-extended quark-meson model at finite baryon density}},
	Volume = {C83},
	Year = {2011},
	Bdsk-Url-1 = {https://doi.org/10.1103/PhysRevC.83.054904}}

@article{Herbst:2010rf,
	Archiveprefix = {arXiv},
	Author = {Herbst, Tina Katharina and Pawlowski, Jan M. and Schaefer, Bernd-Jochen},
	Date-Added = {2018-05-29 15:31:12 +0000},
	Date-Modified = {2018-05-29 15:31:12 +0000},
	Doi = {10.1016/j.physletb.2010.12.003},
	Eprint = {1008.0081},
	Journal = {Phys. Lett.},
	Pages = {58-67},
	Primaryclass = {hep-ph},
	Slaccitation = {%%CITATION = ARXIV:1008.0081;%%},
	Title = {{The phase structure of the Polyakovquarkmeson model beyond mean field}},
	Volume = {B696},
	Year = {2011},
	Bdsk-Url-1 = {https://doi.org/10.1016/j.physletb.2010.12.003}}

@article{Herbst:2013ail,
	Archiveprefix = {arXiv},
	Author = {Herbst, Tina K. and Pawlowski, Jan M. and Schaefer, Bernd-Jochen},
	Date-Added = {2018-05-29 15:29:32 +0000},
	Date-Modified = {2018-05-29 15:29:32 +0000},
	Doi = {10.1103/PhysRevD.88.014007},
	Eprint = {1302.1426},
	Journal = {Phys. Rev.},
	Number = {1},
	Pages = {014007},
	Primaryclass = {hep-ph},
	Slaccitation = {%%CITATION = ARXIV:1302.1426;%%},
	Title = {{Phase structure and thermodynamics of QCD}},
	Volume = {D88},
	Year = {2013},
	Bdsk-Url-1 = {https://doi.org/10.1103/PhysRevD.88.014007}}

@article{Borsanyi:2014ewa,
	Archiveprefix = {arXiv},
	Author = {Borsanyi, S. and Fodor, Z. and Katz, S. D. and Krieg, S. and Ratti, C. and Szabo, K. K.},
	Date-Added = {2018-05-29 13:35:40 +0000},
	Date-Modified = {2018-05-29 13:35:40 +0000},
	Doi = {10.1103/PhysRevLett.113.052301},
	Eprint = {1403.4576},
	Journal = {Phys. Rev. Lett.},
	Pages = {052301},
	Primaryclass = {hep-lat},
	Slaccitation = {%%CITATION = ARXIV:1403.4576;%%},
	Title = {{Freeze-out parameters from electric charge and baryon number fluctuations: is there consistency?}},
	Volume = {113},
	Year = {2014},
	Bdsk-Url-1 = {https://doi.org/10.1103/PhysRevLett.113.052301}}

@article{Borsanyi:2010cj,
	Archiveprefix = {arXiv},
	Author = {Borsanyi, Szabolcs and Endrodi, Gergely and Fodor, Zoltan and Jakovac, Antal and Katz, Sandor D. and Krieg, Stefan and Ratti, Claudia and Szabo, Kalman K.},
	Date-Added = {2018-05-29 13:27:16 +0000},
	Date-Modified = {2018-05-29 13:27:16 +0000},
	Doi = {10.1007/JHEP11(2010)077},
	Eprint = {1007.2580},
	Journal = {JHEP},
	Pages = {077},
	Primaryclass = {hep-lat},
	Reportnumber = {WUB-10-12},
	Slaccitation = {%%CITATION = ARXIV:1007.2580;%%},
	Title = {{The QCD equation of state with dynamical quarks}},
	Volume = {11},
	Year = {2010},
	Bdsk-Url-1 = {https://doi.org/10.1007/JHEP11(2010)077}}

@article{Aoki:2006we,
	Archiveprefix = {arXiv},
	Author = {Aoki, Y. and Endrodi, G. and Fodor, Z. and Katz, S. D. and Szabo, K. K.},
	Date-Added = {2018-05-29 13:24:41 +0000},
	Date-Modified = {2018-05-29 13:24:41 +0000},
	Doi = {10.1038/nature05120},
	Eprint = {hep-lat/0611014},
	Journal = {Nature},
	Pages = {675-678},
	Primaryclass = {hep-lat},
	Slaccitation = {%%CITATION = HEP-LAT/0611014;%%},
	Title = {{The Order of the quantum chromodynamics transition predicted by the standard model of particle physics}},
	Volume = {443},
	Year = {2006},
	Bdsk-Url-1 = {https://doi.org/10.1038/nature05120}}

@article{Borsanyi:2018grb,
	Archiveprefix = {arXiv},
	Author = {Borsanyi, Szabolcs and Fodor, Zoltan and Guenther, Jana N. and Katz, Sandor K. and Szab, K. K. and Pasztor, Attila and Portillo, Israel and Ratti, Claudia},
	Date-Added = {2018-05-29 09:10:53 +0000},
	Date-Modified = {2018-05-29 09:10:53 +0000},
	Eprint = {1805.04445},
	Primaryclass = {hep-lat},
	Slaccitation = {%%CITATION = ARXIV:1805.04445;%%},
	Title = {{Higher order fluctuations and correlations of conserved charges from lattice QCD}},
	Year = {2018}}

@article{Bazavov:2017dus,
	Archiveprefix = {arXiv},
	Author = {Bazavov, A. and others},
	Date-Added = {2018-05-29 08:30:33 +0000},
	Date-Modified = {2018-05-29 08:30:33 +0000},
	Doi = {10.1103/PhysRevD.95.054504},
	Eprint = {1701.04325},
	Journal = {Phys. Rev.},
	Number = {5},
	Pages = {054504},
	Primaryclass = {hep-lat},
	Slaccitation = {%%CITATION = ARXIV:1701.04325;%%},
	Title = {{The QCD Equation of State to $\mathcal{O}(\mu_B^6)$ from Lattice QCD}},
	Volume = {D95},
	Year = {2017},
	Bdsk-Url-1 = {https://doi.org/10.1103/PhysRevD.95.054504}}

@article{Cheng:2007jq,
	Archiveprefix = {arXiv},
	Author = {Cheng, M. and others},
	Date-Added = {2018-05-29 08:27:17 +0000},
	Date-Modified = {2018-05-29 08:27:17 +0000},
	Doi = {10.1103/PhysRevD.77.014511},
	Eprint = {0710.0354},
	Journal = {Phys. Rev.},
	Pages = {014511},
	Primaryclass = {hep-lat},
	Reportnumber = {BNL-NT-07-38, BI-TP-2007-20, CU-TP-1181},
	Slaccitation = {%%CITATION = ARXIV:0710.0354;%%},
	Title = {{The QCD equation of state with almost physical quark masses}},
	Volume = {D77},
	Year = {2008},
	Bdsk-Url-1 = {https://doi.org/10.1103/PhysRevD.77.014511}}

@article{Karsch:2001cy,
	Archiveprefix = {arXiv},
	Author = {Karsch, F.},
	Booktitle = {{Lectures on quark matter. Proceedings, 40. International Universittswochen for theoretical physics, 40th Winter School, IUKT 40: Schladming, Austria, March 3-10, 2001}},
	Date-Added = {2018-05-29 08:23:28 +0000},
	Date-Modified = {2018-05-29 08:23:28 +0000},
	Doi = {10.1007/3-540-45792-5_6},
	Eprint = {hep-lat/0106019},
	Journal = {Lect. Notes Phys.},
	Pages = {209-249},
	Primaryclass = {hep-lat},
	Reportnumber = {BI-TP-2001-10},
	Slaccitation = {%%CITATION = HEP-LAT/0106019;%%},
	Title = {{Lattice QCD at high temperature and density}},
	Volume = {583},
	Year = {2002},
	Bdsk-Url-1 = {https://doi.org/10.1007/3-540-45792-5_6}}

@article{Stephanov:2007fk,
	Archiveprefix = {arXiv},
	Author = {Stephanov, M. A.},
	Booktitle = {{Proceedings, 24th International Symposium on Lattice Field Theory (Lattice 2006): Tucson, USA, July 23-28, 2006}},
	Date-Added = {2018-05-29 06:33:19 +0000},
	Date-Modified = {2018-05-29 06:33:19 +0000},
	Eprint = {hep-lat/0701002},
	Journal = {PoS},
	Pages = {024},
	Primaryclass = {hep-lat},
	Slaccitation = {%%CITATION = HEP-LAT/0701002;%%},
	Title = {{QCD phase diagram: An Overview}},
	Volume = {LAT2006},
	Year = {2006}}

@article{Pawlowski:2010ht,
	Archiveprefix = {arXiv},
	Author = {Pawlowski, Jan M.},
	Booktitle = {{Proceedings, 9th Conference on Quark Confinement and the Hadron Spectrum: Madrid, Spain, 30 Aug-3 Sep 2010}},
	Date-Added = {2018-05-23 08:44:42 +0000},
	Date-Modified = {2018-05-23 08:44:42 +0000},
	Doi = {10.1063/1.3574945},
	Eprint = {1012.5075},
	Journal = {AIP Conf. Proc.},
	Pages = {75-80},
	Primaryclass = {hep-ph},
	Slaccitation = {%%CITATION = ARXIV:1012.5075;%%},
	Title = {{The QCD phase diagram: Results and challenges}},
	Volume = {1343},
	Year = {2011},
	Bdsk-Url-1 = {https://doi.org/10.1063/1.3574945}}

@article{Lo:2013hla,
	Archiveprefix = {arXiv},
	Author = {Lo, Pok Man and Friman, Bengt and Kaczmarek, Olaf and Redlich, Krzysztof and Sasaki, Chihiro},
	Date-Added = {2018-05-23 02:31:19 +0000},
	Date-Modified = {2018-05-23 02:31:19 +0000},
	Doi = {10.1103/PhysRevD.88.074502},
	Eprint = {1307.5958},
	Journal = {Phys. Rev.},
	Pages = {074502},
	Primaryclass = {hep-lat},
	Slaccitation = {%%CITATION = ARXIV:1307.5958;%%},
	Title = {{Polyakov loop fluctuations in SU(3) lattice gauge theory and an effective gluon potential}},
	Volume = {D88},
	Year = {2013},
	Bdsk-Url-1 = {https://doi.org/10.1103/PhysRevD.88.074502}}

@article{Sakai:2008py,
	Archiveprefix = {arXiv},
	Author = {Sakai, Yuji and Kashiwa, Kouji and Kouno, Hiroaki and Yahiro, Masanobu},
	Date-Added = {2018-05-19 01:57:51 +0000},
	Date-Modified = {2018-05-19 01:57:51 +0000},
	Doi = {10.1103/PhysRevD.77.051901},
	Eprint = {0801.0034},
	Journal = {Phys. Rev.},
	Pages = {051901},
	Primaryclass = {hep-ph},
	Slaccitation = {%%CITATION = ARXIV:0801.0034;%%},
	Title = {{Polyakov loop extended NJL model with imaginary chemical potential}},
	Volume = {D77},
	Year = {2008},
	Bdsk-Url-1 = {https://doi.org/10.1103/PhysRevD.77.051901}}

@article{Roberge:1986mm,
	Author = {Roberge, Andre and Weiss, Nathan},
	Date-Added = {2018-05-19 01:56:02 +0000},
	Date-Modified = {2018-05-19 01:56:02 +0000},
	Doi = {10.1016/0550-3213(86)90582-1},
	Journal = {Nucl. Phys.},
	Pages = {734-745},
	Reportnumber = {PRINT-86-0360 (BRITISH-COLUMBIA)},
	Slaccitation = {%%CITATION = NUPHA,B275,734;%%},
	Title = {{Gauge Theories With Imaginary Chemical Potential and the Phases of {QCD}}},
	Volume = {B275},
	Year = {1986},
	Bdsk-Url-1 = {https://doi.org/10.1016/0550-3213(86)90582-1}}

@article{Fu:2018wxq,
	Archiveprefix = {arXiv},
	Author = {Fu, Wei-Jie},
	Date-Added = {2018-05-07 15:53:35 +0000},
	Date-Modified = {2018-05-07 15:53:35 +0000},
	Eprint = {1801.03213},
	Primaryclass = {hep-ph},
	Slaccitation = {%%CITATION = ARXIV:1801.03213;%%},
	Title = {{Chiral criticality and glue dynamics}},
	Year = {2018}}

@article{Morita:2014fda,
	Archiveprefix = {arXiv},
	Author = {Morita, Kenji and Friman, Bengt and Redlich, Krzysztof},
	Date-Added = {2018-05-07 05:55:41 +0000},
	Date-Modified = {2018-05-07 05:55:41 +0000},
	Doi = {10.1016/j.physletb.2014.12.037},
	Eprint = {1402.5982},
	Journal = {Phys. Lett.},
	Pages = {178-183},
	Primaryclass = {hep-ph},
	Slaccitation = {%%CITATION = ARXIV:1402.5982;%%},
	Title = {{Criticality of the net-baryon number probability distribution at finite density}},
	Volume = {B741},
	Year = {2015},
	Bdsk-Url-1 = {https://doi.org/10.1016/j.physletb.2014.12.037}}

@article{Morita:2013tu,
	Archiveprefix = {arXiv},
	Author = {Morita, Kenji and Friman, Bengt and Redlich, Krzysztof and Skokov, Vladimir},
	Date-Added = {2018-05-07 05:54:21 +0000},
	Date-Modified = {2018-05-07 05:54:21 +0000},
	Doi = {10.1103/PhysRevC.88.034903},
	Eprint = {1301.2873},
	Journal = {Phys. Rev.},
	Number = {3},
	Pages = {034903},
	Primaryclass = {hep-ph},
	Reportnumber = {YITP-13-2},
	Slaccitation = {%%CITATION = ARXIV:1301.2873;%%},
	Title = {{Net quark number probability distribution near the chiral crossover transition}},
	Volume = {C88},
	Year = {2013},
	Bdsk-Url-1 = {https://doi.org/10.1103/PhysRevC.88.034903}}

@article{Jiang:2017sni,
	Archiveprefix = {arXiv},
	Author = {Jiang, Lijia and Zheng, Jun-Hui and Stoecker, Horst},
	Date-Added = {2018-01-08 09:08:26 +0000},
	Date-Modified = {2018-01-08 09:08:26 +0000},
	Eprint = {1711.05339},
	Primaryclass = {nucl-th},
	Slaccitation = {%%CITATION = ARXIV:1711.05339;%%},
	Title = {{Ising parameterization of QCD Landau free energy and its dynamics}},
	Year = {2017}}

@article{Jiang:2015hri,
	Archiveprefix = {arXiv},
	Author = {Jiang, Lijia and Li, Pengfei and Song, Huichao},
	Date-Added = {2018-01-08 09:03:30 +0000},
	Date-Modified = {2018-01-08 09:03:30 +0000},
	Doi = {10.1103/PhysRevC.94.024918},
	Eprint = {1512.06164},
	Journal = {Phys. Rev.},
	Number = {2},
	Pages = {024918},
	Primaryclass = {nucl-th},
	Slaccitation = {%%CITATION = ARXIV:1512.06164;%%},
	Title = {{Correlated fluctuations near the QCD critical point}},
	Volume = {C94},
	Year = {2016},
	Bdsk-Url-1 = {https://dx.doi.org/10.1103/PhysRevC.94.024918}}

@article{Stephanov:2017wlw,
	Archiveprefix = {arXiv},
	Author = {Stephanov, M. and Yin, Y.},
	Booktitle = {{Proceedings, 26th International Conference on Ultra-relativistic Nucleus-Nucleus Collisions (Quark Matter 2017): Chicago, Illinois, USA, February 5-11, 2017}},
	Date-Added = {2018-01-08 08:51:08 +0000},
	Date-Modified = {2018-01-08 08:51:08 +0000},
	Doi = {10.1016/j.nuclphysa.2017.06.051},
	Eprint = {1704.07396},
	Journal = {Nucl. Phys.},
	Pages = {876-879},
	Primaryclass = {nucl-th},
	Slaccitation = {%%CITATION = ARXIV:1704.07396;%%},
	Title = {{Hydrodynamics and critical slowing down}},
	Volume = {A967},
	Year = {2017},
	Bdsk-Url-1 = {https://dx.doi.org/10.1016/j.nuclphysa.2017.06.051}}

@article{Stephanov:2017ghc,
	Archiveprefix = {arXiv},
	Author = {Stephanov, M. and Yin, Y.},
	Date-Added = {2018-01-08 08:50:23 +0000},
	Date-Modified = {2018-01-08 08:50:23 +0000},
	Eprint = {1712.10305},
	Primaryclass = {nucl-th},
	Reportnumber = {MIT-CTP-4969},
	Slaccitation = {%%CITATION = ARXIV:1712.10305;%%},
	Title = {{Hydro+: hydrodynamics with parametric slowing down and fluctuations near the critical point}},
	Year = {2017}}

@article{Mukherjee:2016kyu,
	Archiveprefix = {arXiv},
	Author = {Mukherjee, Swagato and Venugopalan, Raju and Yin, Yi},
	Date-Added = {2018-01-08 08:49:17 +0000},
	Date-Modified = {2018-01-08 08:49:17 +0000},
	Doi = {10.1103/PhysRevLett.117.222301},
	Eprint = {1605.09341},
	Journal = {Phys. Rev. Lett.},
	Number = {22},
	Pages = {222301},
	Primaryclass = {hep-ph},
	Slaccitation = {%%CITATION = ARXIV:1605.09341;%%},
	Title = {{Universal off-equilibrium scaling of critical cumulants in the QCD phase diagram}},
	Volume = {117},
	Year = {2016},
	Bdsk-Url-1 = {https://dx.doi.org/10.1103/PhysRevLett.117.222301}}

@article{Pawlowski:2017gxj,
	Archiveprefix = {arXiv},
	Author = {Pawlowski, Jan M. and Strodthoff, Nils and Wink, Nicolas},
	Date-Added = {2018-01-08 08:28:41 +0000},
	Date-Modified = {2018-01-08 08:28:41 +0000},
	Eprint = {1711.07444},
	Primaryclass = {hep-th},
	Slaccitation = {%%CITATION = ARXIV:1711.07444;%%},
	Title = {{Finite temperature spectral functions in the O(N)-model}},
	Year = {2017}}

@article{Xu:2016skm,
	Archiveprefix = {arXiv},
	Author = {Xu, Hao-jie},
	Date-Added = {2018-01-08 06:52:54 +0000},
	Date-Modified = {2018-01-08 06:52:54 +0000},
	Doi = {10.1016/j.physletb.2016.12.015},
	Eprint = {1612.06485},
	Journal = {Phys. Lett.},
	Pages = {188-192},
	Primaryclass = {nucl-th},
	Slaccitation = {%%CITATION = ARXIV:1612.06485;%%},
	Title = {{Effects of volume corrections and resonance decays on cumulants of net-charge distributions in a Monte Carlo hadron resonance gas model}},
	Volume = {B765},
	Year = {2017},
	Bdsk-Url-1 = {https://dx.doi.org/10.1016/j.physletb.2016.12.015}}

@article{Li:2017via,
	Archiveprefix = {arXiv},
	Author = {Li, Jixing and Xu, Hao-jie and Song, Huichao},
	Date-Added = {2018-01-08 06:51:59 +0000},
	Date-Modified = {2018-01-08 06:51:59 +0000},
	Eprint = {1707.09742},
	Primaryclass = {nucl-th},
	Slaccitation = {%%CITATION = ARXIV:1707.09742;%%},
	Title = {{Non-critical fluctuations of (net) charges and (net) protons from iEBE-VISHNU hybrid model}},
	Year = {2017}}

@article{Braun-Munzinger:2016yjz,
	Archiveprefix = {arXiv},
	Author = {Braun-Munzinger, P. and Rustamov, A. and Stachel, J.},
	Date-Added = {2018-01-08 06:45:24 +0000},
	Date-Modified = {2018-01-08 06:45:24 +0000},
	Doi = {10.1016/j.nuclphysa.2017.01.011},
	Eprint = {1612.00702},
	Journal = {Nucl. Phys.},
	Pages = {114-130},
	Primaryclass = {nucl-th},
	Slaccitation = {%%CITATION = ARXIV:1612.00702;%%},
	Title = {{Bridging the gap between event-by-event fluctuation measurements and theory predictions in relativistic nuclear collisions}},
	Volume = {A960},
	Year = {2017},
	Bdsk-Url-1 = {https://dx.doi.org/10.1016/j.nuclphysa.2017.01.011}}

@article{Qin:2010nq,
	Archiveprefix = {arXiv},
	Author = {Qin, Si-xue and Chang, Lei and Chen, Huan and Liu, Yu-xin and Roberts, Craig D.},
	Date-Added = {2018-01-08 06:06:03 +0000},
	Date-Modified = {2018-01-08 06:06:03 +0000},
	Doi = {10.1103/PhysRevLett.106.172301},
	Eprint = {1011.2876},
	Journal = {Phys. Rev. Lett.},
	Pages = {172301},
	Primaryclass = {nucl-th},
	Slaccitation = {%%CITATION = ARXIV:1011.2876;%%},
	Title = {{Phase diagram and critical endpoint for strongly-interacting quarks}},
	Volume = {106},
	Year = {2011},
	Bdsk-Url-1 = {https://dx.doi.org/10.1103/PhysRevLett.106.172301}}

@article{Xin:2014ela,
	Author = {Xin, Xian-yin and Qin, Si-xue and Liu, Yu-xin},
	Date-Added = {2018-01-08 06:04:15 +0000},
	Date-Modified = {2018-01-08 06:04:15 +0000},
	Doi = {10.1103/PhysRevD.90.076006},
	Journal = {Phys. Rev.},
	Number = {7},
	Pages = {076006},
	Slaccitation = {%%CITATION = PHRVA,D90,076006;%%},
	Title = {{Quark number fluctuations at finite temperature and finite chemical potential via the Dyson-Schwinger equation approach}},
	Volume = {D90},
	Year = {2014},
	Bdsk-Url-1 = {https://dx.doi.org/10.1103/PhysRevD.90.076006}}

@article{Gao:2016qkh,
	Archiveprefix = {arXiv},
	Author = {Gao, Fei and Liu, Yu-xin},
	Date-Added = {2018-01-08 06:01:54 +0000},
	Date-Modified = {2018-01-08 06:01:54 +0000},
	Doi = {10.1103/PhysRevD.94.076009},
	Eprint = {1607.01675},
	Journal = {Phys. Rev.},
	Number = {7},
	Pages = {076009},
	Primaryclass = {hep-ph},
	Slaccitation = {%%CITATION = ARXIV:1607.01675;%%},
	Title = {{QCD phase transitions via a refined truncation of Dyson-Schwinger equations}},
	Volume = {D94},
	Year = {2016},
	Bdsk-Url-1 = {https://dx.doi.org/10.1103/PhysRevD.94.076009}}

@article{Herbst:2013ufa,
	Archiveprefix = {arXiv},
	Author = {Herbst, Tina Katharina and Mitter, Mario and Pawlowski, Jan M. and Schaefer, Bernd-Jochen and Stiele, Rainer},
	Date-Added = {2018-01-08 05:39:40 +0000},
	Date-Modified = {2018-01-08 05:39:40 +0000},
	Doi = {10.1016/j.physletb.2014.02.045},
	Eprint = {1308.3621},
	Journal = {Phys. Lett.},
	Pages = {248-256},
	Primaryclass = {hep-ph},
	Slaccitation = {%%CITATION = ARXIV:1308.3621;%%},
	Title = {{Thermodynamics of QCD at vanishing density}},
	Volume = {B731},
	Year = {2014},
	Bdsk-Url-1 = {https://dx.doi.org/10.1016/j.physletb.2014.02.045}}

@article{Braun:2008pi,
	Archiveprefix = {arXiv},
	Author = {Braun, Jens},
	Date-Added = {2018-01-08 05:35:34 +0000},
	Date-Modified = {2018-01-08 05:35:34 +0000},
	Doi = {10.1140/epjc/s10052-009-1136-6},
	Eprint = {0810.1727},
	Journal = {Eur. Phys. J.},
	Pages = {459-482},
	Primaryclass = {hep-ph},
	Slaccitation = {%%CITATION = ARXIV:0810.1727;%%},
	Title = {{The QCD Phase Boundary from Quark-Gluon Dynamics}},
	Volume = {C64},
	Year = {2009},
	Bdsk-Url-1 = {https://dx.doi.org/10.1140/epjc/s10052-009-1136-6}}

@article{Braun:2006jd,
	Archiveprefix = {arXiv},
	Author = {Braun, Jens and Gies, Holger},
	Date-Added = {2018-01-08 05:33:21 +0000},
	Date-Modified = {2018-01-08 05:33:21 +0000},
	Doi = {10.1088/1126-6708/2006/06/024},
	Eprint = {hep-ph/0602226},
	Journal = {JHEP},
	Pages = {024},
	Primaryclass = {hep-ph},
	Slaccitation = {%%CITATION = HEP-PH/0602226;%%},
	Title = {{Chiral phase boundary of QCD at finite temperature}},
	Volume = {06},
	Year = {2006},
	Bdsk-Url-1 = {https://dx.doi.org/10.1088/1126-6708/2006/06/024}}

@article{Braun:2009gm,
	Archiveprefix = {arXiv},
	Author = {Braun, Jens and Haas, Lisa M. and Marhauser, Florian and Pawlowski, Jan M.},
	Date-Added = {2018-01-08 05:29:19 +0000},
	Date-Modified = {2018-01-08 05:29:19 +0000},
	Doi = {10.1103/PhysRevLett.106.022002},
	Eprint = {0908.0008},
	Journal = {Phys. Rev. Lett.},
	Pages = {022002},
	Primaryclass = {hep-ph},
	Slaccitation = {%%CITATION = ARXIV:0908.0008;%%},
	Title = {{Phase Structure of Two-Flavor QCD at Finite Chemical Potential}},
	Volume = {106},
	Year = {2011},
	Bdsk-Url-1 = {https://dx.doi.org/10.1103/PhysRevLett.106.022002}}

@article{Ding:2015fca,
	Archiveprefix = {arXiv},
	Author = {Ding, H. -T. and Mukherjee, Swagato and Ohno, H. and Petreczky, P. and Schadler, H. -P.},
	Date-Added = {2018-01-08 04:51:17 +0000},
	Date-Modified = {2018-01-08 04:51:17 +0000},
	Doi = {10.1103/PhysRevD.92.074043},
	Eprint = {1507.06637},
	Journal = {Phys. Rev.},
	Number = {7},
	Pages = {074043},
	Primaryclass = {hep-lat},
	Slaccitation = {%%CITATION = ARXIV:1507.06637;%%},
	Title = {{Diagonal and off-diagonal quark number susceptibilities at high temperatures}},
	Volume = {D92},
	Year = {2015},
	Bdsk-Url-1 = {https://dx.doi.org/10.1103/PhysRevD.92.074043}}

@article{Karsch:2017zzw,
	Archiveprefix = {arXiv},
	Author = {Karsch, Frithjof},
	Booktitle = {{Proceedings, 26th International Conference on Ultra-relativistic Nucleus-Nucleus Collisions (Quark Matter 2017): Chicago, Illinois, USA, February 5-11, 2017}},
	Date-Added = {2018-01-08 04:49:31 +0000},
	Date-Modified = {2018-01-08 04:49:31 +0000},
	Doi = {10.1016/j.nuclphysa.2017.06.011},
	Eprint = {1706.01620},
	Journal = {Nucl. Phys.},
	Pages = {461-464},
	Primaryclass = {hep-lat},
	Slaccitation = {%%CITATION = ARXIV:1706.01620;%%},
	Title = {{Conserved charge fluctuations at vanishing and non-vanishing chemical potential}},
	Volume = {A967},
	Year = {2017},
	Bdsk-Url-1 = {https://dx.doi.org/10.1016/j.nuclphysa.2017.06.011}}

@article{Bazavov:2017tot,
	Archiveprefix = {arXiv},
	Author = {Bazavov, A. and others},
	Collaboration = {HotQCD},
	Date-Added = {2018-01-08 04:48:46 +0000},
	Date-Modified = {2018-01-08 04:48:46 +0000},
	Doi = {10.1103/PhysRevD.96.074510},
	Eprint = {1708.04897},
	Journal = {Phys. Rev.},
	Number = {7},
	Pages = {074510},
	Primaryclass = {hep-lat},
	Slaccitation = {%%CITATION = ARXIV:1708.04897;%%},
	Title = {{Skewness and kurtosis of net baryon-number distributions at small values of the baryon chemical potential}},
	Volume = {D96},
	Year = {2017},
	Bdsk-Url-1 = {https://dx.doi.org/10.1103/PhysRevD.96.074510}}

@article{Borsanyi:2013hza,
	Archiveprefix = {arXiv},
	Author = {Borsanyi, S. and Fodor, Z. and Katz, S. D. and Krieg, S. and Ratti, C. and Szabo, K. K.},
	Date-Added = {2018-01-08 04:42:10 +0000},
	Date-Modified = {2018-01-08 04:42:10 +0000},
	Doi = {10.1103/PhysRevLett.111.062005},
	Eprint = {1305.5161},
	Journal = {Phys. Rev. Lett.},
	Pages = {062005},
	Primaryclass = {hep-lat},
	Slaccitation = {%%CITATION = ARXIV:1305.5161;%%},
	Title = {{Freeze-out parameters: lattice meets experiment}},
	Volume = {111},
	Year = {2013},
	Bdsk-Url-1 = {https://dx.doi.org/10.1103/PhysRevLett.111.062005}}

@article{Bellwied:2015lba,
	Archiveprefix = {arXiv},
	Author = {Bellwied, R. and Borsanyi, S. and Fodor, Z. and Katz, S. D. and Pasztor, A. and Ratti, C. and Szabo, K. K.},
	Date-Added = {2018-01-08 04:40:45 +0000},
	Date-Modified = {2018-01-08 04:40:45 +0000},
	Doi = {10.1103/PhysRevD.92.114505},
	Eprint = {1507.04627},
	Journal = {Phys. Rev.},
	Number = {11},
	Pages = {114505},
	Primaryclass = {hep-lat},
	Slaccitation = {%%CITATION = ARXIV:1507.04627;%%},
	Title = {{Fluctuations and correlations in high temperature QCD}},
	Volume = {D92},
	Year = {2015},
	Bdsk-Url-1 = {https://dx.doi.org/10.1103/PhysRevD.92.114505}}

@article{Luo:2015ewa,
	Archiveprefix = {arXiv},
	Author = {Luo, Xiaofeng},
	Booktitle = {{Proceedings, 9th International Workshop on Critical Point and Onset of Deconfinement (CPOD 2014): Bielefeld, Germany, November 17-21, 2014}},
	Collaboration = {STAR},
	Date-Added = {2018-01-07 12:34:13 +0000},
	Date-Modified = {2018-01-07 12:34:13 +0000},
	Eprint = {1503.02558},
	Journal = {PoS},
	Pages = {019},
	Primaryclass = {nucl-ex},
	Slaccitation = {%%CITATION = ARXIV:1503.02558;%%},
	Title = {{Energy Dependence of Moments of Net-Proton and Net-Charge Multiplicity Distributions at STAR}},
	Volume = {CPOD2014},
	Year = {2015}}

@article{Adamczyk:2013dal,
	Archiveprefix = {arXiv},
	Author = {Adamczyk, L. and others},
	Collaboration = {STAR},
	Date-Added = {2018-01-07 12:33:13 +0000},
	Date-Modified = {2018-01-07 12:33:13 +0000},
	Doi = {10.1103/PhysRevLett.112.032302},
	Eprint = {1309.5681},
	Journal = {Phys. Rev. Lett.},
	Pages = {032302},
	Primaryclass = {nucl-ex},
	Slaccitation = {%%CITATION = ARXIV:1309.5681;%%},
	Title = {{Energy Dependence of Moments of Net-proton Multiplicity Distributions at RHIC}},
	Volume = {112},
	Year = {2014},
	Bdsk-Url-1 = {https://dx.doi.org/10.1103/PhysRevLett.112.032302}}

@article{Haas:2013qwp,
	Archiveprefix = {arXiv},
	Author = {Haas, Lisa M. and Stiele, Rainer and Braun, Jens and Pawlowski, Jan M. and Schaffner-Bielich, J{\"u}rgen},
	Date-Added = {2017-12-30 15:19:58 +0000},
	Date-Modified = {2017-12-30 15:19:58 +0000},
	Doi = {10.1103/PhysRevD.87.076004},
	Eprint = {1302.1993},
	Journal = {Phys. Rev.},
	Number = {7},
	Pages = {076004},
	Primaryclass = {hep-ph},
	Slaccitation = {%%CITATION = ARXIV:1302.1993;%%},
	Title = {{Improved Polyakov-loop potential for effective models from functional calculations}},
	Volume = {D87},
	Year = {2013},
	Bdsk-Url-1 = {https://dx.doi.org/10.1103/PhysRevD.87.076004}}

@article{Luo:2017faz,
	Archiveprefix = {arXiv},
	Author = {Luo, Xiaofeng and Xu, Nu},
	Date-Added = {2017-12-28 09:15:05 +0000},
	Date-Modified = {2017-12-28 09:15:05 +0000},
	Doi = {10.1007/s41365-017-0257-0},
	Eprint = {1701.02105},
	Journal = {Nucl. Sci. Tech.},
	Number = {8},
	Pages = {112},
	Primaryclass = {nucl-ex},
	Slaccitation = {%%CITATION = ARXIV:1701.02105;%%},
	Title = {{Search for the QCD Critical Point with Fluctuations of Conserved Quantities in Relativistic Heavy-Ion Collisions at RHIC : An Overview}},
	Volume = {28},
	Year = {2017},
	Bdsk-Url-1 = {https://dx.doi.org/10.1007/s41365-017-0257-0}}

@article{Mukherjee:2015swa,
	Archiveprefix = {arXiv},
	Author = {Mukherjee, Swagato and Venugopalan, Raju and Yin, Yi},
	Date-Added = {2017-12-28 08:51:42 +0000},
	Date-Modified = {2017-12-28 08:51:42 +0000},
	Doi = {10.1103/PhysRevC.92.034912},
	Eprint = {1506.00645},
	Journal = {Phys. Rev.},
	Number = {3},
	Pages = {034912},
	Primaryclass = {hep-ph},
	Slaccitation = {%%CITATION = ARXIV:1506.00645;%%},
	Title = {{Real time evolution of non-Gaussian cumulants in the QCD critical regime}},
	Volume = {C92},
	Year = {2015},
	Bdsk-Url-1 = {https://dx.doi.org/10.1103/PhysRevC.92.034912}}

@article{Stephanov:2008qz,
	Archiveprefix = {arXiv},
	Author = {Stephanov, M. A.},
	Date-Added = {2017-12-28 08:25:35 +0000},
	Date-Modified = {2017-12-28 08:25:35 +0000},
	Doi = {10.1103/PhysRevLett.102.032301},
	Eprint = {0809.3450},
	Journal = {Phys. Rev. Lett.},
	Pages = {032301},
	Primaryclass = {hep-ph},
	Slaccitation = {%%CITATION = ARXIV:0809.3450;%%},
	Title = {{Non-Gaussian fluctuations near the QCD critical point}},
	Volume = {102},
	Year = {2009},
	Bdsk-Url-1 = {https://dx.doi.org/10.1103/PhysRevLett.102.032301}}

@article{Stephanov:1999zu,
	Archiveprefix = {arXiv},
	Author = {Stephanov, Misha A. and Rajagopal, K. and Shuryak, Edward V.},
	Date-Added = {2017-12-28 08:20:22 +0000},
	Date-Modified = {2017-12-28 08:20:22 +0000},
	Doi = {10.1103/PhysRevD.60.114028},
	Eprint = {hep-ph/9903292},
	Journal = {Phys. Rev.},
	Pages = {114028},
	Primaryclass = {hep-ph},
	Reportnumber = {ITP-SB-99-4, MIT-CTP-2834, SUNY-NTG-99-3},
	Slaccitation = {%%CITATION = HEP-PH/9903292;%%},
	Title = {{Event-by-event fluctuations in heavy ion collisions and the QCD critical point}},
	Volume = {D60},
	Year = {1999},
	Bdsk-Url-1 = {https://dx.doi.org/10.1103/PhysRevD.60.114028}}

@article{Schaefer:2007pw,
	Archiveprefix = {arXiv},
	Author = {Schaefer, Bernd-Jochen and Pawlowski, Jan M. and Wambach, Jochen},
	Date-Added = {2017-12-26 12:51:06 +0000},
	Date-Modified = {2017-12-26 12:51:06 +0000},
	Doi = {10.1103/PhysRevD.76.074023},
	Eprint = {0704.3234},
	Journal = {Phys. Rev.},
	Pages = {074023},
	Primaryclass = {hep-ph},
	Slaccitation = {%%CITATION = ARXIV:0704.3234;%%},
	Title = {{The Phase Structure of the Polyakov--Quark-Meson Model}},
	Volume = {D76},
	Year = {2007},
	Bdsk-Url-1 = {https://dx.doi.org/10.1103/PhysRevD.76.074023}}

@article{Fu:2007xc,
	Archiveprefix = {arXiv},
	Author = {Fu, Wei-jie and Zhang, Zhao and Liu, Yu-xin},
	Date-Added = {2017-12-26 12:49:35 +0000},
	Date-Modified = {2017-12-26 12:49:35 +0000},
	Doi = {10.1103/PhysRevD.77.014006},
	Eprint = {0711.0154},
	Journal = {Phys. Rev.},
	Pages = {014006},
	Primaryclass = {hep-ph},
	Slaccitation = {%%CITATION = ARXIV:0711.0154;%%},
	Title = {{2+1 flavor Polyakov-Nambu-Jona-Lasinio model at finite temperature and nonzero chemical potential}},
	Volume = {D77},
	Year = {2008},
	Bdsk-Url-1 = {https://dx.doi.org/10.1103/PhysRevD.77.014006}}

@article{Ratti:2005jh,
	Archiveprefix = {arXiv},
	Author = {Ratti, Claudia and Thaler, Michael A. and Weise, Wolfram},
	Date-Added = {2017-12-26 12:48:18 +0000},
	Date-Modified = {2017-12-26 12:48:18 +0000},
	Doi = {10.1103/PhysRevD.73.014019},
	Eprint = {hep-ph/0506234},
	Journal = {Phys. Rev.},
	Pages = {014019},
	Primaryclass = {hep-ph},
	Slaccitation = {%%CITATION = HEP-PH/0506234;%%},
	Title = {{Phases of QCD: Lattice thermodynamics and a field theoretical model}},
	Volume = {D73},
	Year = {2006},
	Bdsk-Url-1 = {https://dx.doi.org/10.1103/PhysRevD.73.014019}}

@article{Fukushima:2003fw,
	Archiveprefix = {arXiv},
	Author = {Fukushima, Kenji},
	Date-Added = {2017-12-26 12:46:34 +0000},
	Date-Modified = {2017-12-26 12:46:34 +0000},
	Doi = {10.1016/j.physletb.2004.04.027},
	Eprint = {hep-ph/0310121},
	Journal = {Phys. Lett.},
	Pages = {277-284},
	Primaryclass = {hep-ph},
	Reportnumber = {MIT-CTP-3424},
	Slaccitation = {%%CITATION = HEP-PH/0310121;%%},
	Title = {{Chiral effective model with the Polyakov loop}},
	Volume = {B591},
	Year = {2004},
	Bdsk-Url-1 = {https://dx.doi.org/10.1016/j.physletb.2004.04.027}}

@article{Fukushima:2017csk,
	Archiveprefix = {arXiv},
	Author = {Fukushima, Kenji and Skokov, Vladimir},
	Date-Added = {2017-12-26 12:21:30 +0000},
	Date-Modified = {2017-12-26 12:21:30 +0000},
	Doi = {10.1016/j.ppnp.2017.05.002},
	Eprint = {1705.00718},
	Journal = {Prog. Part. Nucl. Phys.},
	Pages = {154-199},
	Primaryclass = {hep-ph},
	Slaccitation = {%%CITATION = ARXIV:1705.00718;%%},
	Title = {{Polyakov loop modeling for hot QCD}},
	Volume = {96},
	Year = {2017},
	Bdsk-Url-1 = {https://dx.doi.org/10.1016/j.ppnp.2017.05.002}}

@article{Fu:2017vvg,
	Archiveprefix = {arXiv},
	Author = {Fu, Wei-jie and Liu, Yu-xin},
	Date-Added = {2017-12-25 09:29:54 +0000},
	Date-Modified = {2017-12-25 09:29:54 +0000},
	Doi = {10.1103/PhysRevD.96.074019},
	Eprint = {1705.09841},
	Journal = {Phys. Rev.},
	Number = {7},
	Pages = {074019},
	Primaryclass = {hep-ph},
	Slaccitation = {%%CITATION = ARXIV:1705.09841;%%},
	Title = {{Four-fermion interactions and the chiral symmetry breaking in an external magnetic field}},
	Volume = {D96},
	Year = {2017},
	Bdsk-Url-1 = {http://dx.doi.org/10.1103/PhysRevD.96.074019}}

@article{Fu:2018a,
	Author = {Fu, Wei-jie and Pawlowski, Jan M. and Rennecke, Fabian},
	Date-Added = {2017-12-25 01:31:42 +0000},
	Date-Modified = {2017-12-25 01:36:48 +0000},
	Journal = {in preparation}}

@article{Fischer:2010fx,
	Archiveprefix = {arXiv},
	Author = {Fischer, Christian S. and Maas, Axel and Muller, Jens A.},
	Date-Added = {2017-10-31 03:24:01 +0000},
	Date-Modified = {2017-10-31 03:24:01 +0000},
	Doi = {10.1140/epjc/s10052-010-1343-1},
	Eprint = {1003.1960},
	Journal = {Eur. Phys. J.},
	Pages = {165-181},
	Primaryclass = {hep-ph},
	Slaccitation = {%%CITATION = ARXIV:1003.1960;%%},
	Title = {{Chiral and deconfinement transition from correlation functions: SU(2) vs. SU(3)}},
	Volume = {C68},
	Year = {2010},
	Bdsk-Url-1 = {http://dx.doi.org/10.1140/epjc/s10052-010-1343-1}}

@article{Cucchieri:2007ta,
	Archiveprefix = {arXiv},
	Author = {Cucchieri, Attilio and Maas, Axel and Mendes, Tereza},
	Date-Added = {2017-10-31 03:22:44 +0000},
	Date-Modified = {2017-10-31 03:22:44 +0000},
	Doi = {10.1103/PhysRevD.75.076003},
	Eprint = {hep-lat/0702022},
	Journal = {Phys. Rev.},
	Pages = {076003},
	Primaryclass = {hep-lat},
	Slaccitation = {%%CITATION = HEP-LAT/0702022;%%},
	Title = {{Infrared properties of propagators in Landau-gauge pure Yang-Mills theory at finite temperature}},
	Volume = {D75},
	Year = {2007},
	Bdsk-Url-1 = {http://dx.doi.org/10.1103/PhysRevD.75.076003}}

@article{Cucchieri:2006tf,
	Archiveprefix = {arXiv},
	Author = {Cucchieri, Attilio and Maas, Axel and Mendes, Tereza},
	Date-Added = {2017-10-31 03:19:25 +0000},
	Date-Modified = {2017-10-31 03:19:25 +0000},
	Doi = {10.1103/PhysRevD.74.014503},
	Eprint = {hep-lat/0605011},
	Journal = {Phys. Rev.},
	Pages = {014503},
	Primaryclass = {hep-lat},
	Slaccitation = {%%CITATION = HEP-LAT/0605011;%%},
	Title = {{Exploratory study of three-point Green's functions in Landau-gauge Yang-Mills theory}},
	Volume = {D74},
	Year = {2006},
	Bdsk-Url-1 = {http://dx.doi.org/10.1103/PhysRevD.74.014503}}

@article{Fister:2011uw,
	Archiveprefix = {arXiv},
	Author = {Fister, Leonard and Pawlowski, Jan M.},
	Date-Added = {2017-10-31 03:00:33 +0000},
	Date-Modified = {2017-10-31 03:00:33 +0000},
	Eprint = {1112.5440},
	Primaryclass = {hep-ph},
	Slaccitation = {%%CITATION = ARXIV:1112.5440;%%},
	Title = {{Yang-Mills correlation functions at finite temperature}},
	Year = {2011}}

@article{Gies:2005as,
	Archiveprefix = {arXiv},
	Author = {Gies, Holger and Jaeckel, Joerg},
	Date-Added = {2017-09-23 07:37:08 +0000},
	Date-Modified = {2017-09-23 07:37:08 +0000},
	Doi = {10.1140/epjc/s2006-02475-0},
	Eprint = {hep-ph/0507171},
	Journal = {Eur. Phys. J.},
	Pages = {433-438},
	Primaryclass = {hep-ph},
	Reportnumber = {DESY-05-126, HD-THEP-05-16},
	Slaccitation = {%%CITATION = HEP-PH/0507171;%%},
	Title = {{Chiral phase structure of QCD with many flavors}},
	Volume = {C46},
	Year = {2006},
	Bdsk-Url-1 = {http://dx.doi.org/10.1140/epjc/s2006-02475-0}}

@article{Andersen:2014xxa,
	Archiveprefix = {arXiv},
	Author = {Andersen, Jens O. and Naylor, William R. and Tranberg, Anders},
	Date-Added = {2017-09-19 09:13:52 +0000},
	Date-Modified = {2017-09-19 09:13:52 +0000},
	Doi = {10.1103/RevModPhys.88.025001},
	Eprint = {1411.7176},
	Journal = {Rev. Mod. Phys.},
	Pages = {025001},
	Primaryclass = {hep-ph},
	Slaccitation = {%%CITATION = ARXIV:1411.7176;%%},
	Title = {{Phase diagram of QCD in a magnetic field: A review}},
	Volume = {88},
	Year = {2016},
	Bdsk-Url-1 = {http://dx.doi.org/10.1103/RevModPhys.88.025001}}

@article{Scherer:2012nn,
	Archiveprefix = {arXiv},
	Author = {Scherer, Daniel D. and Gies, Holger},
	Date-Added = {2017-09-19 08:36:20 +0000},
	Date-Modified = {2017-09-19 08:36:20 +0000},
	Doi = {10.1103/PhysRevB.85.195417},
	Eprint = {1201.3746},
	Journal = {Phys. Rev.},
	Pages = {195417},
	Primaryclass = {cond-mat.str-el},
	Slaccitation = {%%CITATION = ARXIV:1201.3746;%%},
	Title = {{Renormalization Group Study of Magnetic Catalysis in the 3d Gross-Neveu Model}},
	Volume = {B85},
	Year = {2012},
	Bdsk-Url-1 = {http://dx.doi.org/10.1103/PhysRevB.85.195417}}

@article{Mao:2016fha,
	Archiveprefix = {arXiv},
	Author = {Mao, Shijun},
	Date-Added = {2017-05-27 09:42:19 +0000},
	Date-Modified = {2017-05-27 09:42:19 +0000},
	Doi = {10.1016/j.physletb.2016.05.018},
	Eprint = {1602.06503},
	Journal = {Phys. Lett.},
	Pages = {195-199},
	Primaryclass = {hep-ph},
	Slaccitation = {%%CITATION = ARXIV:1602.06503;%%},
	Title = {{Inverse magnetic catalysis in Nambu--Jona-Lasinio model beyond mean field}},
	Volume = {B758},
	Year = {2016},
	Bdsk-Url-1 = {http://dx.doi.org/10.1016/j.physletb.2016.05.018}}

@article{Wang:2015bky,
	Archiveprefix = {arXiv},
	Author = {Wang, Ziyue and Zhuang, Pengfei},
	Date-Added = {2017-05-27 09:27:47 +0000},
	Date-Modified = {2017-05-27 09:27:47 +0000},
	Doi = {10.1103/PhysRevD.94.056012},
	Eprint = {1511.05279},
	Journal = {Phys. Rev.},
	Number = {5},
	Pages = {056012},
	Primaryclass = {hep-ph},
	Slaccitation = {%%CITATION = ARXIV:1511.05279;%%},
	Title = {{Critical Behavior and Dimension Crossover of Pion Superfluidity}},
	Volume = {D94},
	Year = {2016},
	Bdsk-Url-1 = {http://dx.doi.org/10.1103/PhysRevD.94.056012}}

@article{Wang:2017vis,
	Archiveprefix = {arXiv},
	Author = {Wang, Ziyue and Zhuang, Pengfei},
	Date-Added = {2017-05-27 09:27:46 +0000},
	Date-Modified = {2017-05-27 09:27:46 +0000},
	Eprint = {1703.01035},
	Primaryclass = {hep-ph},
	Slaccitation = {%%CITATION = ARXIV:1703.01035;%%},
	Title = {{Meson Spectral Functions at Finite Temperature and Isospin Density with Functional Renormalization Group}},
	Year = {2017}}

@article{Feng:2014bpa,
	Archiveprefix = {arXiv},
	Author = {Feng, Bo and Hou, De-fu and Ren, Hai-cang},
	Date-Added = {2017-05-27 08:48:30 +0000},
	Date-Modified = {2017-05-27 08:48:30 +0000},
	Doi = {10.1103/PhysRevD.92.065011},
	Eprint = {1412.1647},
	Journal = {Phys. Rev.},
	Number = {6},
	Pages = {065011},
	Primaryclass = {cond-mat.quant-gas},
	Slaccitation = {%%CITATION = ARXIV:1412.1647;%%},
	Title = {{Magnetic and inverse magnetic catalysis in the Bose-Einstein condensation of neutral bound pairs}},
	Volume = {D92},
	Year = {2015},
	Bdsk-Url-1 = {http://dx.doi.org/10.1103/PhysRevD.92.065011}}

@article{Pawlowski:2005xe,
	Archiveprefix = {arXiv},
	Author = {Pawlowski, Jan M.},
	Date-Added = {2017-03-27 08:08:18 +0000},
	Date-Modified = {2017-03-27 08:08:18 +0000},
	Doi = {10.1016/j.aop.2007.01.007},
	Eprint = {hep-th/0512261},
	Journal = {Annals Phys.},
	Pages = {2831-2915},
	Primaryclass = {hep-th},
	Reportnumber = {HD-THEP-05-28},
	Slaccitation = {%%CITATION = HEP-TH/0512261;%%},
	Title = {{Aspects of the functional renormalisation group}},
	Volume = {322},
	Year = {2007},
	Bdsk-Url-1 = {http://dx.doi.org/10.1016/j.aop.2007.01.007}}

@article{Gies:2002hq,
	Archiveprefix = {arXiv},
	Author = {Gies, Holger and Wetterich, Christof},
	Date-Added = {2017-03-27 08:04:32 +0000},
	Date-Modified = {2017-03-27 08:04:32 +0000},
	Doi = {10.1103/PhysRevD.69.025001},
	Eprint = {hep-th/0209183},
	Journal = {Phys. Rev.},
	Pages = {025001},
	Primaryclass = {hep-th},
	Reportnumber = {CERN-TH-2002-242, HD-THEP-02-33},
	Slaccitation = {%%CITATION = HEP-TH/0209183;%%},
	Title = {{Universality of spontaneous chiral symmetry breaking in gauge theories}},
	Volume = {D69},
	Year = {2004},
	Bdsk-Url-1 = {http://dx.doi.org/10.1103/PhysRevD.69.025001}}

@article{Zhang:2016qrl,
	Archiveprefix = {arXiv},
	Author = {Zhang, Rui and Fu, Wei-jie and Liu, Yu-xin},
	Date-Added = {2017-03-27 05:37:46 +0000},
	Date-Modified = {2017-03-27 05:37:46 +0000},
	Doi = {10.1140/epjc/s10052-016-4123-8},
	Eprint = {1604.08888},
	Journal = {Eur. Phys. J.},
	Number = {6},
	Pages = {307},
	Primaryclass = {hep-ph},
	Slaccitation = {%%CITATION = ARXIV:1604.08888;%%},
	Title = {{Properties of Mesons in a Strong Magnetic Field}},
	Volume = {C76},
	Year = {2016},
	Bdsk-Url-1 = {http://dx.doi.org/10.1140/epjc/s10052-016-4123-8}}

@article{Fu:2013ica,
	Archiveprefix = {arXiv},
	Author = {Fu, Wei-jie},
	Date-Added = {2017-03-27 05:35:34 +0000},
	Date-Modified = {2017-03-27 05:35:34 +0000},
	Doi = {10.1103/PhysRevD.88.014009},
	Eprint = {1306.5804},
	Journal = {Phys. Rev.},
	Number = {1},
	Pages = {014009},
	Primaryclass = {hep-ph},
	Slaccitation = {%%CITATION = ARXIV:1306.5804;%%},
	Title = {{Fluctuations and correlations of hot QCD matter in an external magnetic field}},
	Volume = {D88},
	Year = {2013},
	Bdsk-Url-1 = {http://dx.doi.org/10.1103/PhysRevD.88.014009}}

@article{Fu:2016tey,
	Archiveprefix = {arXiv},
	Author = {Fu, Wei-jie and Pawlowski, Jan M. and Rennecke, Fabian and Schaefer, Bernd-Jochen},
	Date-Added = {2017-03-27 05:20:38 +0000},
	Date-Modified = {2017-03-27 05:20:38 +0000},
	Doi = {10.1103/PhysRevD.94.116020},
	Eprint = {1608.04302},
	Journal = {Phys. Rev.},
	Number = {11},
	Pages = {116020},
	Primaryclass = {hep-ph},
	Slaccitation = {%%CITATION = ARXIV:1608.04302;%%},
	Title = {{Baryon number fluctuations at finite temperature and density}},
	Volume = {D94},
	Year = {2016},
	Bdsk-Url-1 = {http://dx.doi.org/10.1103/PhysRevD.94.116020}}

@article{Fu:2015amv,
	Archiveprefix = {arXiv},
	Author = {Fu, Wei-jie and Pawlowski, Jan M.},
	Date-Added = {2017-03-27 02:55:28 +0000},
	Date-Modified = {2017-03-27 02:55:28 +0000},
	Doi = {10.1103/PhysRevD.93.091501},
	Eprint = {1512.08461},
	Journal = {Phys. Rev.},
	Number = {9},
	Pages = {091501},
	Primaryclass = {hep-ph},
	Slaccitation = {%%CITATION = ARXIV:1512.08461;%%},
	Title = {{Correlating the skewness and kurtosis of baryon number distributions}},
	Volume = {D93},
	Year = {2016},
	Bdsk-Url-1 = {http://dx.doi.org/10.1103/PhysRevD.93.091501}}

@article{Fu:2015naa,
	Archiveprefix = {arXiv},
	Author = {Fu, Wei-jie and Pawlowski, Jan M.},
	Date-Added = {2017-03-27 02:53:27 +0000},
	Date-Modified = {2017-03-27 02:53:27 +0000},
	Doi = {10.1103/PhysRevD.92.116006},
	Eprint = {1508.06504},
	Journal = {Phys. Rev.},
	Number = {11},
	Pages = {116006},
	Primaryclass = {hep-ph},
	Slaccitation = {%%CITATION = ARXIV:1508.06504;%%},
	Title = {{Relevance of matter and glue dynamics for baryon number fluctuations}},
	Volume = {D92},
	Year = {2015},
	Bdsk-Url-1 = {http://dx.doi.org/10.1103/PhysRevD.92.116006}}

@article{Cyrol:2016tym,
	Archiveprefix = {arXiv},
	Author = {Cyrol, Anton K. and Fister, Leonard and Mitter, Mario and Pawlowski, Jan M. and Strodthoff, Nils},
	Date-Added = {2017-03-27 02:48:14 +0000},
	Date-Modified = {2017-03-27 02:48:14 +0000},
	Doi = {10.1103/PhysRevD.94.054005},
	Eprint = {1605.01856},
	Journal = {Phys. Rev.},
	Number = {5},
	Pages = {054005},
	Primaryclass = {hep-ph},
	Slaccitation = {%%CITATION = ARXIV:1605.01856;%%},
	Title = {{Landau gauge Yang-Mills correlation functions}},
	Volume = {D94},
	Year = {2016},
	Bdsk-Url-1 = {http://dx.doi.org/10.1103/PhysRevD.94.054005}}

@article{Rennecke:2015eba,
	Archiveprefix = {arXiv},
	Author = {Rennecke, Fabian},
	Date-Added = {2017-03-27 02:27:22 +0000},
	Date-Modified = {2017-03-27 02:27:22 +0000},
	Doi = {10.1103/PhysRevD.92.076012},
	Eprint = {1504.03585},
	Journal = {Phys. Rev.},
	Number = {7},
	Pages = {076012},
	Primaryclass = {hep-ph},
	Slaccitation = {%%CITATION = ARXIV:1504.03585;%%},
	Title = {{Vacuum structure of vector mesons in QCD}},
	Volume = {D92},
	Year = {2015},
	Bdsk-Url-1 = {http://dx.doi.org/10.1103/PhysRevD.92.076012}}

@article{Mitter:2014wpa,
	Archiveprefix = {arXiv},
	Author = {Mitter, Mario and Pawlowski, Jan M. and Strodthoff, Nils},
	Date-Added = {2017-03-27 02:20:18 +0000},
	Date-Modified = {2017-03-27 02:20:18 +0000},
	Doi = {10.1103/PhysRevD.91.054035},
	Eprint = {1411.7978},
	Journal = {Phys. Rev.},
	Pages = {054035},
	Primaryclass = {hep-ph},
	Slaccitation = {%%CITATION = ARXIV:1411.7978;%%},
	Title = {{Chiral symmetry breaking in continuum QCD}},
	Volume = {D91},
	Year = {2015},
	Bdsk-Url-1 = {http://dx.doi.org/10.1103/PhysRevD.91.054035}}

@article{Braun:2014ata,
	Archiveprefix = {arXiv},
	Author = {Braun, Jens and Fister, Leonard and Pawlowski, Jan M. and Rennecke, Fabian},
	Date-Added = {2017-03-27 02:18:55 +0000},
	Date-Modified = {2017-03-27 02:18:55 +0000},
	Doi = {10.1103/PhysRevD.94.034016},
	Eprint = {1412.1045},
	Journal = {Phys. Rev.},
	Number = {3},
	Pages = {034016},
	Primaryclass = {hep-ph},
	Slaccitation = {%%CITATION = ARXIV:1412.1045;%%},
	Title = {{From Quarks and Gluons to Hadrons: Chiral Symmetry Breaking in Dynamical QCD}},
	Volume = {D94},
	Year = {2016},
	Bdsk-Url-1 = {http://dx.doi.org/10.1103/PhysRevD.94.034016}}

@article{Helmboldt:2014iya,
	Archiveprefix = {arXiv},
	Author = {Helmboldt, Alexander J. and Pawlowski, Jan M. and Strodthoff, Nils},
	Date-Added = {2017-03-27 02:16:34 +0000},
	Date-Modified = {2017-03-27 02:16:34 +0000},
	Doi = {10.1103/PhysRevD.91.054010},
	Eprint = {1409.8414},
	Journal = {Phys. Rev.},
	Number = {5},
	Pages = {054010},
	Primaryclass = {hep-ph},
	Slaccitation = {%%CITATION = ARXIV:1409.8414;%%},
	Title = {{Towards quantitative precision in the chiral crossover: masses and fluctuation scales}},
	Volume = {D91},
	Year = {2015},
	Bdsk-Url-1 = {http://dx.doi.org/10.1103/PhysRevD.91.054010}}

@article{Pawlowski:2014zaa,
	Archiveprefix = {arXiv},
	Author = {Pawlowski, Jan M. and Rennecke, Fabian},
	Date-Added = {2017-03-27 02:15:33 +0000},
	Date-Modified = {2017-03-27 02:15:33 +0000},
	Doi = {10.1103/PhysRevD.90.076002},
	Eprint = {1403.1179},
	Journal = {Phys. Rev.},
	Number = {7},
	Pages = {076002},
	Primaryclass = {hep-ph},
	Slaccitation = {%%CITATION = ARXIV:1403.1179;%%},
	Title = {{Higher order quark-mesonic scattering processes and the phase structure of QCD}},
	Volume = {D90},
	Year = {2014},
	Bdsk-Url-1 = {http://dx.doi.org/10.1103/PhysRevD.90.076002}}

@article{Pawlowski:2014aha,
	Author = {Pawlowski, Jan M.},
	Booktitle = {{Proceedings, 24th International Conference on Ultra-Relativistic Nucleus-Nucleus Collisions (Quark Matter 2014): Darmstadt, Germany, May 19-24, 2014}},
	Date-Added = {2017-03-27 02:06:52 +0000},
	Date-Modified = {2017-03-27 02:06:52 +0000},
	Doi = {10.1016/j.nuclphysa.2014.09.074},
	Journal = {Nucl. Phys.},
	Pages = {113-124},
	Slaccitation = {%%CITATION = NUPHA,A931,113;%%},
	Title = {{Equation of state and phase diagram of strongly interacting matter}},
	Volume = {A931},
	Year = {2014},
	Bdsk-Url-1 = {http://dx.doi.org/10.1016/j.nuclphysa.2014.09.074}}

@article{Yu:2014xoa,
	Archiveprefix = {arXiv},
	Author = {Yu, Lang and Van Doorsselaere, Jos and Huang, Mei},
	Date-Added = {2017-03-26 15:57:33 +0000},
	Date-Modified = {2017-03-26 15:57:33 +0000},
	Doi = {10.1103/PhysRevD.91.074011},
	Eprint = {1411.7552},
	Journal = {Phys. Rev.},
	Number = {7},
	Pages = {074011},
	Primaryclass = {hep-ph},
	Slaccitation = {%%CITATION = ARXIV:1411.7552;%%},
	Title = {{Inverse Magnetic Catalysis in the three-flavor NJL model with axial-vector interaction}},
	Volume = {D91},
	Year = {2015},
	Bdsk-Url-1 = {http://dx.doi.org/10.1103/PhysRevD.91.074011}}

@article{Fukushima:2010fe,
	Archiveprefix = {arXiv},
	Author = {Fukushima, Kenji and Ruggieri, Marco and Gatto, Raoul},
	Date-Added = {2017-03-26 15:50:04 +0000},
	Date-Modified = {2017-03-26 15:50:04 +0000},
	Doi = {10.1103/PhysRevD.81.114031},
	Eprint = {1003.0047},
	Journal = {Phys. Rev.},
	Pages = {114031},
	Primaryclass = {hep-ph},
	Reportnumber = {YITP-10-3},
	Slaccitation = {%%CITATION = ARXIV:1003.0047;%%},
	Title = {{Chiral magnetic effect in the PNJL model}},
	Volume = {D81},
	Year = {2010},
	Bdsk-Url-1 = {http://dx.doi.org/10.1103/PhysRevD.81.114031}}

@article{Ferrer:2014qka,
	Archiveprefix = {arXiv},
	Author = {Ferrer, E. J. and de la Incera, V. and Wen, X. J.},
	Date-Added = {2017-03-26 15:44:24 +0000},
	Date-Modified = {2017-03-26 15:44:24 +0000},
	Doi = {10.1103/PhysRevD.91.054006},
	Eprint = {1407.3503},
	Journal = {Phys. Rev.},
	Number = {5},
	Pages = {054006},
	Primaryclass = {nucl-th},
	Slaccitation = {%%CITATION = ARXIV:1407.3503;%%},
	Title = {{Quark Antiscreening at Strong Magnetic Field and Inverse Magnetic Catalysis}},
	Volume = {D91},
	Year = {2015},
	Bdsk-Url-1 = {http://dx.doi.org/10.1103/PhysRevD.91.054006}}

@article{Mueller:2014tea,
	Archiveprefix = {arXiv},
	Author = {Mueller, Niklas and Bonnet, Jacqueline A. and Fischer, Christian S.},
	Date-Added = {2017-03-26 15:39:19 +0000},
	Date-Modified = {2017-03-26 15:39:19 +0000},
	Doi = {10.1103/PhysRevD.89.094023},
	Eprint = {1401.1647},
	Journal = {Phys. Rev.},
	Number = {9},
	Pages = {094023},
	Primaryclass = {hep-ph},
	Slaccitation = {%%CITATION = ARXIV:1401.1647;%%},
	Title = {{Dynamical quark mass generation in a strong external magnetic field}},
	Volume = {D89},
	Year = {2014},
	Bdsk-Url-1 = {http://dx.doi.org/10.1103/PhysRevD.89.094023}}

@article{Fraga:2013ova,
	Archiveprefix = {arXiv},
	Author = {Fraga, E. S. and Mintz, B. W. and Schaffner-Bielich, J.},
	Date-Added = {2017-03-26 15:31:58 +0000},
	Date-Modified = {2017-03-26 15:31:58 +0000},
	Doi = {10.1016/j.physletb.2014.02.028},
	Eprint = {1311.3964},
	Journal = {Phys. Lett.},
	Pages = {154-158},
	Primaryclass = {hep-ph},
	Slaccitation = {%%CITATION = ARXIV:1311.3964;%%},
	Title = {{A search for inverse magnetic catalysis in thermal quark-meson models}},
	Volume = {B731},
	Year = {2014},
	Bdsk-Url-1 = {http://dx.doi.org/10.1016/j.physletb.2014.02.028}}

@article{Kojo:2012js,
	Archiveprefix = {arXiv},
	Author = {Kojo, Toru and Su, Nan},
	Date-Added = {2017-03-26 15:11:55 +0000},
	Date-Modified = {2017-03-26 15:11:55 +0000},
	Doi = {10.1016/j.physletb.2013.02.024},
	Eprint = {1211.7318},
	Journal = {Phys. Lett.},
	Pages = {192-197},
	Primaryclass = {hep-ph},
	Reportnumber = {BI-TP-2012-50},
	Slaccitation = {%%CITATION = ARXIV:1211.7318;%%},
	Title = {{The quark mass gap in a magnetic field}},
	Volume = {B720},
	Year = {2013},
	Bdsk-Url-1 = {http://dx.doi.org/10.1016/j.physletb.2013.02.024}}

@article{Fukushima:2012kc,
	Archiveprefix = {arXiv},
	Author = {Fukushima, Kenji and Hidaka, Yoshimasa},
	Date-Added = {2017-03-26 14:46:40 +0000},
	Date-Modified = {2017-03-26 14:46:40 +0000},
	Doi = {10.1103/PhysRevLett.110.031601},
	Eprint = {1209.1319},
	Journal = {Phys. Rev. Lett.},
	Number = {3},
	Pages = {031601},
	Primaryclass = {hep-ph},
	Slaccitation = {%%CITATION = ARXIV:1209.1319;%%},
	Title = {{Magnetic Catalysis Versus Magnetic Inhibition}},
	Volume = {110},
	Year = {2013},
	Bdsk-Url-1 = {http://dx.doi.org/10.1103/PhysRevLett.110.031601}}

@article{Braun:2014fua,
	Archiveprefix = {arXiv},
	Author = {Braun, Jens and Mian, Walid Ahmed and Rechenberger, Stefan},
	Date-Added = {2017-03-26 14:09:05 +0000},
	Date-Modified = {2017-03-26 14:09:05 +0000},
	Doi = {10.1016/j.physletb.2016.02.017},
	Eprint = {1412.6025},
	Journal = {Phys. Lett.},
	Pages = {265-269},
	Primaryclass = {hep-ph},
	Slaccitation = {%%CITATION = ARXIV:1412.6025;%%},
	Title = {{Delayed Magnetic Catalysis}},
	Volume = {B755},
	Year = {2016},
	Bdsk-Url-1 = {http://dx.doi.org/10.1016/j.physletb.2016.02.017}}

@article{Mueller:2015fka,
	Archiveprefix = {arXiv},
	Author = {Mueller, Niklas and Pawlowski, Jan M.},
	Date-Added = {2017-03-26 06:52:44 +0000},
	Date-Modified = {2017-03-26 06:52:44 +0000},
	Doi = {10.1103/PhysRevD.91.116010},
	Eprint = {1502.08011},
	Journal = {Phys. Rev.},
	Number = {11},
	Pages = {116010},
	Primaryclass = {hep-ph},
	Slaccitation = {%%CITATION = ARXIV:1502.08011;%%},
	Title = {{Magnetic catalysis and inverse magnetic catalysis in QCD}},
	Volume = {D91},
	Year = {2015},
	Bdsk-Url-1 = {http://dx.doi.org/10.1103/PhysRevD.91.116010}}

@article{Bruckmann:2013oba,
	Archiveprefix = {arXiv},
	Author = {Bruckmann, Falk and Endrodi, Gergely and Kovacs, Tamas G.},
	Date-Added = {2017-03-25 15:20:11 +0000},
	Date-Modified = {2017-03-25 15:20:11 +0000},
	Doi = {10.1007/JHEP04(2013)112},
	Eprint = {1303.3972},
	Journal = {JHEP},
	Pages = {112},
	Primaryclass = {hep-lat},
	Slaccitation = {%%CITATION = ARXIV:1303.3972;%%},
	Title = {{Inverse magnetic catalysis and the Polyakov loop}},
	Volume = {04},
	Year = {2013},
	Bdsk-Url-1 = {http://dx.doi.org/10.1007/JHEP04(2013)112}}

@article{Bali:2012zg,
	Archiveprefix = {arXiv},
	Author = {Bali, G. S. and Bruckmann, F. and Endrodi, G. and Fodor, Z. and Katz, S. D. and Schafer, A.},
	Date-Added = {2017-03-25 08:20:53 +0000},
	Date-Modified = {2017-03-25 08:20:53 +0000},
	Doi = {10.1103/PhysRevD.86.071502},
	Eprint = {1206.4205},
	Journal = {Phys. Rev.},
	Pages = {071502},
	Primaryclass = {hep-lat},
	Slaccitation = {%%CITATION = ARXIV:1206.4205;%%},
	Title = {{QCD quark condensate in external magnetic fields}},
	Volume = {D86},
	Year = {2012},
	Bdsk-Url-1 = {http://dx.doi.org/10.1103/PhysRevD.86.071502}}

@article{Bali:2011qj,
	Archiveprefix = {arXiv},
	Author = {Bali, G. S. and Bruckmann, F. and Endrodi, G. and Fodor, Z. and Katz, S. D. and Krieg, S. and Schafer, A. and Szabo, K. K.},
	Date-Added = {2017-03-25 08:17:48 +0000},
	Date-Modified = {2017-03-25 08:17:48 +0000},
	Doi = {10.1007/JHEP02(2012)044},
	Eprint = {1111.4956},
	Journal = {JHEP},
	Pages = {044},
	Primaryclass = {hep-lat},
	Slaccitation = {%%CITATION = ARXIV:1111.4956;%%},
	Title = {{The QCD phase diagram for external magnetic fields}},
	Volume = {02},
	Year = {2012},
	Bdsk-Url-1 = {http://dx.doi.org/10.1007/JHEP02(2012)044}}

@article{Khachatryan:2016got,
	Archiveprefix = {arXiv},
	Author = {Khachatryan, Vardan and others},
	Collaboration = {CMS},
	Date-Added = {2017-03-25 05:26:22 +0000},
	Date-Modified = {2017-03-25 07:04:30 +0000},
	Eprint = {1610.00263},
	Journal = {Phys. Rev. Lett.},
	Pages = {122301},
	Primaryclass = {nucl-ex},
	Reportnumber = {CMS-HIN-16-009, CERN-EP-2016-236},
	Slaccitation = {%%CITATION = ARXIV:1610.00263;%%},
	Title = {{Observation of charge-dependent azimuthal correlations in pPb collisions and its implication for the search for the chiral magnetic effect}},
	Volume = {118},
	Year = {2017}}

@article{Huang:2015oca,
	Archiveprefix = {arXiv},
	Author = {Huang, Xu-Guang},
	Date-Added = {2017-03-24 15:30:24 +0000},
	Date-Modified = {2017-03-24 15:30:24 +0000},
	Doi = {10.1088/0034-4885/79/7/076302},
	Eprint = {1509.04073},
	Journal = {Rept. Prog. Phys.},
	Number = {7},
	Pages = {076302},
	Primaryclass = {nucl-th},
	Slaccitation = {%%CITATION = ARXIV:1509.04073;%%},
	Title = {{Electromagnetic fields and anomalous transports in heavy-ion collisions --- A pedagogical review}},
	Volume = {79},
	Year = {2016},
	Bdsk-Url-1 = {http://dx.doi.org/10.1088/0034-4885/79/7/076302}}

@article{Fukushima:2008xe,
	Archiveprefix = {arXiv},
	Author = {Fukushima, Kenji and Kharzeev, Dmitri E. and Warringa, Harmen J.},
	Date-Added = {2017-03-24 15:03:19 +0000},
	Date-Modified = {2017-03-24 15:03:19 +0000},
	Doi = {10.1103/PhysRevD.78.074033},
	Eprint = {0808.3382},
	Journal = {Phys. Rev.},
	Pages = {074033},
	Primaryclass = {hep-ph},
	Slaccitation = {%%CITATION = ARXIV:0808.3382;%%},
	Title = {{The Chiral Magnetic Effect}},
	Volume = {D78},
	Year = {2008},
	Bdsk-Url-1 = {http://dx.doi.org/10.1103/PhysRevD.78.074033}}

@article{Kharzeev:2007jp,
	Archiveprefix = {arXiv},
	Author = {Kharzeev, Dmitri E. and McLerran, Larry D. and Warringa, Harmen J.},
	Date-Added = {2017-03-24 02:45:26 +0000},
	Date-Modified = {2017-03-24 02:45:26 +0000},
	Doi = {10.1016/j.nuclphysa.2008.02.298},
	Eprint = {0711.0950},
	Journal = {Nucl. Phys.},
	Pages = {227-253},
	Primaryclass = {hep-ph},
	Slaccitation = {%%CITATION = ARXIV:0711.0950;%%},
	Title = {{The Effects of topological charge change in heavy ion collisions: 'Event by event P and CP violation'}},
	Volume = {A803},
	Year = {2008},
	Bdsk-Url-1 = {http://dx.doi.org/10.1016/j.nuclphysa.2008.02.298}}

@article{Kharzeev:2004ey,
	Archiveprefix = {arXiv},
	Author = {Kharzeev, Dmitri},
	Date-Added = {2017-03-24 02:33:06 +0000},
	Date-Modified = {2017-03-24 02:33:06 +0000},
	Doi = {10.1016/j.physletb.2005.11.075},
	Eprint = {hep-ph/0406125},
	Journal = {Phys. Lett.},
	Pages = {260-264},
	Primaryclass = {hep-ph},
	Reportnumber = {BNL-NT-04-21},
	Slaccitation = {%%CITATION = HEP-PH/0406125;%%},
	Title = {{Parity violation in hot QCD: Why it can happen, and how to look for it}},
	Volume = {B633},
	Year = {2006},
	Bdsk-Url-1 = {http://dx.doi.org/10.1016/j.physletb.2005.11.075}}

@article{Wetterich:1992yh,
	Author = {Wetterich, Christof},
	Date-Added = {2017-03-24 00:47:30 +0000},
	Date-Modified = {2017-03-24 00:47:30 +0000},
	Doi = {10.1016/0370-2693(93)90726-X},
	Journal = {Phys. Lett.},
	Pages = {90-94},
	Reportnumber = {HD-THEP-92-61},
	Slaccitation = {%%CITATION = PHLTA,B301,90;%%},
	Title = {{Exact evolution equation for the effective potential}},
	Volume = {B301},
	Year = {1993},
	Bdsk-Url-1 = {http://dx.doi.org/10.1016/0370-2693(93)90726-X}}

@article{Gies:2001nw,
	Archiveprefix = {arXiv},
	Author = {Gies, Holger and Wetterich, Christof},
	Date-Added = {2017-03-24 00:46:31 +0000},
	Date-Modified = {2017-03-24 00:46:31 +0000},
	Doi = {10.1103/PhysRevD.65.065001},
	Eprint = {hep-th/0107221},
	Journal = {Phys. Rev.},
	Pages = {065001},
	Primaryclass = {hep-th},
	Reportnumber = {CERN-TH-2001-196, HD-THEP-01-31},
	Slaccitation = {%%CITATION = HEP-TH/0107221;%%},
	Title = {{Renormalization flow of bound states}},
	Volume = {D65},
	Year = {2002},
	Bdsk-Url-1 = {http://dx.doi.org/10.1103/PhysRevD.65.065001}}

@article{Braun:2011pp,
	Archiveprefix = {arXiv},
	Author = {Braun, Jens},
	Date-Added = {2017-03-24 00:43:26 +0000},
	Date-Modified = {2017-03-24 00:43:26 +0000},
	Doi = {10.1088/0954-3899/39/3/033001},
	Eprint = {1108.4449},
	Journal = {J. Phys.},
	Pages = {033001},
	Primaryclass = {hep-ph},
	Slaccitation = {%%CITATION = ARXIV:1108.4449;%%},
	Title = {{Fermion Interactions and Universal Behavior in Strongly Interacting Theories}},
	Volume = {G39},
	Year = {2012},
	Bdsk-Url-1 = {http://dx.doi.org/10.1088/0954-3899/39/3/033001}}

@article{Adamczyk:2014mzf,
	Archiveprefix = {arXiv},
	Author = {Adamczyk, L. and others},
	Collaboration = {STAR},
	Date-Added = {2017-03-24 00:42:38 +0000},
	Date-Modified = {2017-03-24 00:42:38 +0000},
	Doi = {10.1103/PhysRevLett.113.052302},
	Eprint = {1404.1433},
	Journal = {Phys. Rev. Lett.},
	Pages = {052302},
	Primaryclass = {nucl-ex},
	Slaccitation = {%%CITATION = ARXIV:1404.1433;%%},
	Title = {{Beam-energy dependence of charge separation along the magnetic field in Au+Au collisions at RHIC}},
	Volume = {113},
	Year = {2014},
	Bdsk-Url-1 = {http://dx.doi.org/10.1103/PhysRevLett.113.052302}}

@article{Adamczyk:2013hsi,
	Archiveprefix = {arXiv},
	Author = {Adamczyk, L. and others},
	Collaboration = {STAR},
	Date-Added = {2017-03-24 00:41:52 +0000},
	Date-Modified = {2017-03-24 00:41:52 +0000},
	Doi = {10.1103/PhysRevC.88.064911},
	Eprint = {1302.3802},
	Journal = {Phys. Rev.},
	Number = {6},
	Pages = {064911},
	Primaryclass = {nucl-ex},
	Slaccitation = {%%CITATION = ARXIV:1302.3802;%%},
	Title = {{Fluctuations of charge separation perpendicular to the event plane and local parity violation in $\sqrt{s_{NN}}=200$ GeV Au+Au collisions at the BNL Relativistic Heavy Ion Collider}},
	Volume = {C88},
	Year = {2013},
	Bdsk-Url-1 = {http://dx.doi.org/10.1103/PhysRevC.88.064911}}

@article{Abelev:2012pa,
	Archiveprefix = {arXiv},
	Author = {Abelev, Betty and others},
	Collaboration = {ALICE},
	Date-Added = {2017-03-24 00:40:57 +0000},
	Date-Modified = {2017-03-24 00:40:57 +0000},
	Doi = {10.1103/PhysRevLett.110.012301},
	Eprint = {1207.0900},
	Journal = {Phys. Rev. Lett.},
	Number = {1},
	Pages = {012301},
	Primaryclass = {nucl-ex},
	Reportnumber = {CERN-PH-EP-2012-183},
	Slaccitation = {%%CITATION = ARXIV:1207.0900;%%},
	Title = {{Charge separation relative to the reaction plane in Pb-Pb collisions at $\sqrt{s_{NN}}= 2.76$ TeV}},
	Volume = {110},
	Year = {2013},
	Bdsk-Url-1 = {http://dx.doi.org/10.1103/PhysRevLett.110.012301}}

@article{Abelev:2009ad,
	Archiveprefix = {arXiv},
	Author = {Abelev, B. I. and others},
	Collaboration = {STAR},
	Date-Added = {2017-03-24 00:40:13 +0000},
	Date-Modified = {2017-03-24 00:40:13 +0000},
	Doi = {10.1103/PhysRevC.81.054908},
	Eprint = {0909.1717},
	Journal = {Phys. Rev.},
	Pages = {054908},
	Primaryclass = {nucl-ex},
	Slaccitation = {%%CITATION = ARXIV:0909.1717;%%},
	Title = {{Observation of charge-dependent azimuthal correlations and possible local strong parity violation in heavy ion collisions}},
	Volume = {C81},
	Year = {2010},
	Bdsk-Url-1 = {http://dx.doi.org/10.1103/PhysRevC.81.054908}}

@article{Abelev:2009ac,
	Archiveprefix = {arXiv},
	Author = {Abelev, B. I. and others},
	Collaboration = {STAR},
	Date-Added = {2017-03-24 00:38:38 +0000},
	Date-Modified = {2017-03-24 00:38:38 +0000},
	Doi = {10.1103/PhysRevLett.103.251601},
	Eprint = {0909.1739},
	Journal = {Phys. Rev. Lett.},
	Pages = {251601},
	Primaryclass = {nucl-ex},
	Slaccitation = {%%CITATION = ARXIV:0909.1739;%%},
	Title = {{Azimuthal Charged-Particle Correlations and Possible Local Strong Parity Violation}},
	Volume = {103},
	Year = {2009},
	Bdsk-Url-1 = {http://dx.doi.org/10.1103/PhysRevLett.103.251601}}

@article{Fukushima:2012xw,
	Archiveprefix = {arXiv},
	Author = {Fukushima, Kenji and Pawlowski, Jan M.},
	Date-Added = {2017-03-23 09:12:28 +0000},
	Date-Modified = {2017-03-23 09:12:28 +0000},
	Doi = {10.1103/PhysRevD.86.076013},
	Eprint = {1203.4330},
	Journal = {Phys. Rev.},
	Pages = {076013},
	Primaryclass = {hep-ph},
	Slaccitation = {%%CITATION = ARXIV:1203.4330;%%},
	Title = {{Magnetic catalysis in hot and dense quark matter and quantum fluctuations}},
	Volume = {D86},
	Year = {2012},
	Bdsk-Url-1 = {http://dx.doi.org/10.1103/PhysRevD.86.076013}}

@article{Asakawa:1989bq,
	Author = {Asakawa, M. and Yazaki, K.},
	Doi = {10.1016/0375-9474(89)90002-X},
	Journal = {Nucl. Phys.},
	Pages = {668-684},
	Slaccitation = {%%CITATION = NUPHA,A504,668;%%},
	Title = {{Chiral Restoration at Finite Density and Temperature}},
	Volume = {A504},
	Year = {1989},
	Bdsk-Url-1 = {https://doi.org/10.1016/0375-9474(89)90002-X}}

@article{Ejiri:2005wq,
	Archiveprefix = {arXiv},
	Author = {Ejiri, S. and Karsch, F. and Redlich, K.},
	Doi = {10.1016/j.physletb.2005.11.083},
	Eprint = {hep-ph/0509051},
	Journal = {Phys. Lett.},
	Pages = {275-282},
	Primaryclass = {hep-ph},
	Reportnumber = {BI-TP-2005-33, BNL-NT-05-28, CERN-PH-TH-2005-161, TKYNT-05-18},
	Slaccitation = {%%CITATION = HEP-PH/0509051;%%},
	Title = {{Hadronic fluctuations at the QCD phase transition}},
	Volume = {B633},
	Year = {2006},
	Bdsk-Url-1 = {https://doi.org/10.1016/j.physletb.2005.11.083}}

@article{Karsch:2011mg,
	Archiveprefix = {arXiv},
	Author = {Karsch, Frithjof},
	Booktitle = {{Quark matter. Proceedings, 22nd International Conference on Ultra-Relativistic Nucleus-Nucleus Collisions, Quark Matter 2011, Annecy, France, May 23-28, 2011}},
	Doi = {10.1088/0954-3899/38/12/124098},
	Eprint = {1108.0834},
	Journal = {J. Phys.},
	Pages = {124098},
	Primaryclass = {hep-lat},
	Slaccitation = {%%CITATION = ARXIV:1108.0834;%%},
	Title = {{Moments of charge fluctuations, pseudo-critical temperatures and freeze-out in heavy ion collisions}},
	Volume = {G38},
	Year = {2011},
	Bdsk-Url-1 = {https://doi.org/10.1088/0954-3899/38/12/124098}}
